symbol,isin,trade_date,exchange,segment,series,trade_type,auction,quantity,price,trade_id,order_id,order_execution_time
OBEROIRLTY,INE093I01010,2022-02-02,NSE,EQ,EQ,sell,false,1.000000,970.000000,50316971,1200000001245669,2022-02-02T09:22:28
OBEROIRLTY,INE093I01010,2022-02-02,NSE,EQ,EQ,sell,false,30.000000,970.000000,50317390,1200000001245669,2022-02-02T09:22:29
OBEROIRLTY,INE093I01010,2022-02-02,NSE,EQ,EQ,sell,false,51.000000,970.000000,50319801,1200000001245669,2022-02-02T09:22:34
OBEROIRLTY,INE093I01010,2022-02-02,NSE,EQ,EQ,sell,false,2.000000,970.000000,50320012,1200000001245669,2022-02-02T09:22:35
OBEROIRLTY,INE093I01010,2022-02-02,NSE,EQ,EQ,sell,false,10.000000,970.000000,50320113,1200000001245669,2022-02-02T09:22:35
OBEROIRLTY,INE093I01010,2022-02-02,NSE,EQ,EQ,sell,false,6.000000,970.000000,50320372,1200000001245669,2022-02-02T09:22:36
OBEROIRLTY,INE093I01010,2022-02-02,NSE,EQ,EQ,buy,false,100.000000,962.000000,50578448,1200000002063301,2022-02-02T09:33:26
COROMANDEL,INE169A01031,2022-02-04,NSE,EQ,EQ,sell,false,120.000000,824.300000,43943,1000000000045849,2022-02-04T09:15:20
COROMANDEL,INE169A01031,2022-02-04,NSE,EQ,EQ,sell,false,5.000000,825.500000,131925,1000000000484475,2022-02-04T09:16:57
COROMANDEL,INE169A01031,2022-02-04,NSE,EQ,EQ,sell,false,22.000000,825.500000,159449,1000000000484475,2022-02-04T09:17:40
COROMANDEL,INE169A01031,2022-02-04,NSE,EQ,EQ,sell,false,3.000000,825.500000,159621,1000000000484475,2022-02-04T09:17:41
COROMANDEL,INE169A01031,2022-02-04,NSE,EQ,EQ,buy,false,47.000000,830.800000,258493,1000000000926753,2022-02-04T09:20:46
COROMANDEL,INE169A01031,2022-02-04,NSE,EQ,EQ,buy,false,7.000000,830.800000,258561,1000000000926753,2022-02-04T09:20:46
COROMANDEL,INE169A01031,2022-02-04,NSE,EQ,EQ,buy,false,50.000000,830.800000,264011,1000000000926753,2022-02-04T09:20:58
COROMANDEL,INE169A01031,2022-02-04,NSE,EQ,EQ,buy,false,46.000000,830.800000,264508,1000000000926753,2022-02-04T09:20:59
HINDCOPPER,INE531E01026,2022-02-10,NSE,EQ,EQ,buy,false,250.000000,143.450000,28903660,1100000014179568,2022-02-10T13:38:40
HINDCOPPER,INE531E01026,2022-02-10,NSE,EQ,EQ,buy,false,50.000000,143.450000,28921149,1100000014201454,2022-02-10T13:39:48
HINDCOPPER,INE531E01026,2022-02-10,NSE,EQ,EQ,sell,false,87.000000,142.300000,29773550,1100000014251779,2022-02-10T14:40:13
HINDCOPPER,INE531E01026,2022-02-10,NSE,EQ,EQ,sell,false,25.000000,142.350000,29773549,1100000014251779,2022-02-10T14:40:13
HINDCOPPER,INE531E01026,2022-02-10,NSE,EQ,EQ,sell,false,15.000000,142.350000,29773548,1100000014251779,2022-02-10T14:40:13
HINDCOPPER,INE531E01026,2022-02-10,NSE,EQ,EQ,sell,false,40.000000,142.350000,29773547,1100000014251779,2022-02-10T14:40:13
HINDCOPPER,INE531E01026,2022-02-10,NSE,EQ,EQ,sell,false,133.000000,142.350000,29773546,1100000014251779,2022-02-10T14:40:13
ONGC,INE213A01029,2022-02-11,NSE,EQ,EQ,sell,false,116.000000,169.900000,50233380,1200000000762411,2022-02-11T09:19:09
ONGC,INE213A01029,2022-02-11,NSE,EQ,EQ,sell,false,10.000000,169.900000,50233386,1200000000762411,2022-02-11T09:19:09
ONGC,INE213A01029,2022-02-11,NSE,EQ,EQ,sell,false,524.000000,169.900000,50233822,1200000000762411,2022-02-11T09:19:10
ONGC,INE213A01029,2022-02-11,NSE,EQ,EQ,buy,false,200.000000,168.750000,51152018,1200000004891457,2022-02-11T09:58:51
ONGC,INE213A01029,2022-02-11,NSE,EQ,EQ,buy,false,450.000000,168.150000,51451756,1200000006464350,2022-02-11T10:16:47
ABBOTINDIA,INE358A01014,2022-02-17,NSE,EQ,EQ,sell,false,2.000000,17010.000000,16280,1000000000042986,2022-02-17T09:15:02
ABBOTINDIA,INE358A01014,2022-02-17,NSE,EQ,EQ,sell,false,1.000000,17010.000000,23898,1000000000042986,2022-02-17T09:15:07
ABBOTINDIA,INE358A01014,2022-02-17,NSE,EQ,EQ,sell,false,1.000000,17100.000000,84024,1000000000245015,2022-02-17T09:16:14
ABBOTINDIA,INE358A01014,2022-02-17,NSE,EQ,EQ,sell,false,1.000000,17033.000000,139890,1000000000446648,2022-02-17T09:17:54
ABBOTINDIA,INE358A01014,2022-02-17,NSE,EQ,EQ,buy,false,5.000000,16800.000000,526116,1000000002395799,2022-02-17T09:35:05
TATAMOTORS,INE155A01022,2022-03-02,BSE,EQ,A,buy,false,15.000000,447.850000,315495300,1646202554713870666,2022-03-02T15:17:22
GAIL,INE129A01019,2022-03-03,NSE,EQ,EQ,sell,false,360.000000,154.750000,25011043,1100000000052660,2022-03-03T09:07:03
GAIL,INE129A01019,2022-03-03,NSE,EQ,EQ,sell,false,2.000000,154.700000,25959486,1100000003535468,2022-03-03T09:42:35
GAIL,INE129A01019,2022-03-03,NSE,EQ,EQ,sell,false,53.000000,154.700000,25959487,1100000003535468,2022-03-03T09:42:35
GAIL,INE129A01019,2022-03-03,NSE,EQ,EQ,sell,false,145.000000,154.700000,25959485,1100000003535468,2022-03-03T09:42:35
GAIL,INE129A01019,2022-03-03,NSE,EQ,EQ,sell,false,1.000000,154.650000,26161146,1100000004379115,2022-03-03T09:51:36
GAIL,INE129A01019,2022-03-03,NSE,EQ,EQ,sell,false,1.000000,154.650000,26161145,1100000004379115,2022-03-03T09:51:36
GAIL,INE129A01019,2022-03-03,NSE,EQ,EQ,sell,false,1.000000,154.650000,26161142,1100000004379115,2022-03-03T09:51:36
GAIL,INE129A01019,2022-03-03,NSE,EQ,EQ,sell,false,1.000000,154.650000,26161143,1100000004379115,2022-03-03T09:51:36
GAIL,INE129A01019,2022-03-03,NSE,EQ,EQ,sell,false,34.000000,154.650000,26161148,1100000004379115,2022-03-03T09:51:36
GAIL,INE129A01019,2022-03-03,NSE,EQ,EQ,sell,false,1.000000,154.650000,26161144,1100000004379115,2022-03-03T09:51:36
GAIL,INE129A01019,2022-03-03,NSE,EQ,EQ,sell,false,1.000000,154.650000,26161147,1100000004379115,2022-03-03T09:51:36
GAIL,INE129A01019,2022-03-03,NSE,EQ,EQ,buy,false,25.000000,155.750000,26818432,1100000006855501,2022-03-03T10:30:35
GAIL,INE129A01019,2022-03-03,NSE,EQ,EQ,buy,false,15.000000,155.750000,26818433,1100000006855501,2022-03-03T10:30:35
GAIL,INE129A01019,2022-03-03,NSE,EQ,EQ,buy,false,100.000000,155.750000,26818431,1100000006855501,2022-03-03T10:30:35
GAIL,INE129A01019,2022-03-03,NSE,EQ,EQ,buy,false,460.000000,155.750000,26818434,1100000006855501,2022-03-03T10:30:35
GAIL,INE129A01019,2022-03-04,BSE,EQ,A,sell,false,50.000000,159.000000,300506600,1646364600088003337,2022-03-04T09:18:45
GAIL,INE129A01019,2022-03-04,NSE,EQ,EQ,sell,false,475.000000,159.100000,25348550,1100000000056896,2022-03-04T09:18:51
GAIL,INE129A01019,2022-03-04,NSE,EQ,EQ,sell,false,25.000000,159.100000,25348549,1100000000056896,2022-03-04T09:18:51
POWERGRID,INE752E01010,2022-03-04,BSE,EQ,A,sell,false,40.000000,216.250000,309768800,1646366027644136384,2022-03-04T09:27:00
GAIL,INE129A01019,2022-03-04,NSE,EQ,EQ,buy,false,28.000000,156.500000,26618983,1100000001671842,2022-03-04T10:01:53
GAIL,INE129A01019,2022-03-04,NSE,EQ,EQ,buy,false,72.000000,156.500000,26619019,1100000001671842,2022-03-04T10:01:53
GAIL,INE129A01019,2022-03-04,NSE,EQ,EQ,buy,false,250.000000,157.300000,27720492,1100000009985670,2022-03-04T10:56:18
GAIL,INE129A01019,2022-03-04,NSE,EQ,EQ,buy,false,7.000000,157.300000,27721396,1100000009985670,2022-03-04T10:56:21
GAIL,INE129A01019,2022-03-04,NSE,EQ,EQ,buy,false,143.000000,157.350000,27726406,1100000009985670,2022-03-04T10:56:35
GAIL,INE129A01019,2022-03-08,NSE,EQ,EQ,sell,false,800.000000,161.650000,25013369,1100000000023542,2022-03-08T09:07:58
GAIL,INE129A01019,2022-03-08,NSE,EQ,EQ,sell,false,200.000000,162.400000,25165285,1100000000471610,2022-03-08T09:16:26
GAIL,INE129A01019,2022-03-08,NSE,EQ,EQ,buy,false,75.000000,159.750000,25778831,1100000002343289,2022-03-08T09:29:42
GAIL,INE129A01019,2022-03-08,NSE,EQ,EQ,buy,false,1.000000,159.750000,25778832,1100000002343289,2022-03-08T09:29:42
GAIL,INE129A01019,2022-03-08,NSE,EQ,EQ,buy,false,100.000000,159.750000,25778833,1100000002343289,2022-03-08T09:29:42
GAIL,INE129A01019,2022-03-08,NSE,EQ,EQ,buy,false,364.000000,159.800000,25778834,1100000002343289,2022-03-08T09:29:42
GAIL,INE129A01019,2022-03-08,NSE,EQ,EQ,buy,false,200.000000,159.750000,25778830,1100000002343289,2022-03-08T09:29:42
GAIL,INE129A01019,2022-03-08,NSE,EQ,EQ,buy,false,49.000000,159.800000,25778836,1100000002343289,2022-03-08T09:29:42
GAIL,INE129A01019,2022-03-08,NSE,EQ,EQ,buy,false,211.000000,159.800000,25778835,1100000002343289,2022-03-08T09:29:42
INTELLECT,INE306R01017,2022-03-09,NSE,EQ,EQ,sell,false,70.000000,712.700000,25014105,1100000000142983,2022-03-09T09:07:42
INTELLECT,INE306R01017,2022-03-09,NSE,EQ,EQ,sell,false,10.000000,712.700000,25014106,1100000000142983,2022-03-09T09:07:42
INTELLECT,INE306R01017,2022-03-09,NSE,EQ,EQ,sell,false,20.000000,712.700000,25014104,1100000000142983,2022-03-09T09:07:42
NTPC,INE733E01010,2022-03-09,NSE,EQ,EQ,sell,false,800.000000,133.800000,50137134,1200000000141144,2022-03-09T09:17:23
INTELLECT,INE306R01017,2022-03-09,NSE,EQ,EQ,sell,false,2.000000,713.050000,25435971,1100000001206459,2022-03-09T09:20:52
INTELLECT,INE306R01017,2022-03-09,NSE,EQ,EQ,sell,false,48.000000,713.100000,25435970,1100000001206459,2022-03-09T09:20:52
NTPC,INE733E01010,2022-03-09,NSE,EQ,EQ,sell,false,300.000000,133.350000,50489799,1200000001841140,2022-03-09T09:29:28
INTELLECT,INE306R01017,2022-03-09,NSE,EQ,EQ,buy,false,1.000000,720.000000,26554573,1100000004035045,2022-03-09T09:58:59
INTELLECT,INE306R01017,2022-03-09,NSE,EQ,EQ,buy,false,46.000000,722.550000,26764187,1100000005601417,2022-03-09T10:09:24
INTELLECT,INE306R01017,2022-03-09,NSE,EQ,EQ,buy,false,1.000000,722.550000,26764186,1100000005601417,2022-03-09T10:09:24
INTELLECT,INE306R01017,2022-03-09,NSE,EQ,EQ,buy,false,15.000000,722.500000,26764185,1100000005601417,2022-03-09T10:09:24
INTELLECT,INE306R01017,2022-03-09,NSE,EQ,EQ,buy,false,87.000000,722.500000,26764184,1100000005601417,2022-03-09T10:09:24
NTPC,INE733E01010,2022-03-09,NSE,EQ,EQ,buy,false,1100.000000,132.700000,51328053,1200000005184975,2022-03-09T10:18:23
BALRAMCHIN,INE119A01028,2022-03-10,NSE,EQ,EQ,sell,false,93.000000,451.000000,5760,1000000000118520,2022-03-10T09:07:43
BALRAMCHIN,INE119A01028,2022-03-10,NSE,EQ,EQ,sell,false,136.000000,451.000000,5758,1000000000118520,2022-03-10T09:07:43
BALRAMCHIN,INE119A01028,2022-03-10,NSE,EQ,EQ,sell,false,54.000000,451.000000,5759,1000000000118520,2022-03-10T09:07:43
JKCEMENT,INE823G01014,2022-03-10,NSE,EQ,EQ,sell,false,35.000000,2345.000000,50016526,1200000000043425,2022-03-10T09:07:43
JKCEMENT,INE823G01014,2022-03-10,NSE,EQ,EQ,sell,false,10.000000,2345.000000,50016525,1200000000043425,2022-03-10T09:07:43
JKCEMENT,INE823G01014,2022-03-10,NSE,EQ,EQ,sell,false,20.000000,2345.000000,50016524,1200000000043425,2022-03-10T09:07:43
JKCEMENT,INE823G01014,2022-03-10,NSE,EQ,EQ,sell,false,1.000000,2345.000000,50016523,1200000000043425,2022-03-10T09:07:43
BALRAMCHIN,INE119A01028,2022-03-10,NSE,EQ,EQ,buy,false,283.000000,444.800000,571129,1000000001733171,2022-03-10T09:24:36
JKCEMENT,INE823G01014,2022-03-10,NSE,EQ,EQ,buy,false,66.000000,2400.000000,50746907,1200000002534349,2022-03-10T09:36:16
JKCEMENT,INE823G01014,2022-03-10,NSE,EQ,EQ,buy,false,1.000000,2322.000000,54024495,1200000002131597,2022-03-10T14:16:17
JKCEMENT,INE823G01014,2022-03-10,NSE,EQ,EQ,sell,false,1.000000,2325.850000,54032418,1200000019600372,2022-03-10T14:17:03
IOC,INE242A01010,2022-03-11,NSE,EQ,EQ,sell,false,1200.000000,121.000000,25023533,1100000000055077,2022-03-11T09:15:00
IOC,INE242A01010,2022-03-11,NSE,EQ,EQ,sell,false,500.000000,121.050000,25190751,1100000000688306,2022-03-11T09:17:59
IOC,INE242A01010,2022-03-11,NSE,EQ,EQ,sell,false,200.000000,121.400000,25310799,1100000001134218,2022-03-11T09:21:34
IOC,INE242A01010,2022-03-11,NSE,EQ,EQ,sell,false,200.000000,121.400000,25403515,1100000001587051,2022-03-11T09:25:08
IOC,INE242A01010,2022-03-11,NSE,EQ,EQ,sell,false,48.000000,121.650000,27296454,1100000009926450,2022-03-11T11:25:24
IOC,INE242A01010,2022-03-11,NSE,EQ,EQ,buy,false,48.000000,121.700000,27305801,1100000009947187,2022-03-11T11:26:13
IOC,INE242A01010,2022-03-11,NSE,EQ,EQ,buy,false,1.000000,121.800000,27331025,1100000008559938,2022-03-11T11:28:20
IOC,INE242A01010,2022-03-11,NSE,EQ,EQ,buy,false,1.000000,122.750000,29498953,1100000013833218,2022-03-11T14:36:59
IOC,INE242A01010,2022-03-11,NSE,EQ,EQ,buy,false,47.000000,123.050000,29587530,1100000019334087,2022-03-11T14:42:04
IOC,INE242A01010,2022-03-11,NSE,EQ,EQ,buy,false,8.000000,123.050000,29587531,1100000019334087,2022-03-11T14:42:04
IOC,INE242A01010,2022-03-11,NSE,EQ,EQ,buy,false,102.000000,123.050000,29587532,1100000019334087,2022-03-11T14:42:04
IOC,INE242A01010,2022-03-11,NSE,EQ,EQ,buy,false,21.000000,123.050000,29587533,1100000019334087,2022-03-11T14:42:04
IOC,INE242A01010,2022-03-11,NSE,EQ,EQ,buy,false,22.000000,123.050000,29587534,1100000019334087,2022-03-11T14:42:04
IOC,INE242A01010,2022-03-11,NSE,EQ,EQ,buy,false,127.000000,123.150000,29597300,1100000019362205,2022-03-11T14:42:37
IOC,INE242A01010,2022-03-11,NSE,EQ,EQ,buy,false,30.000000,123.150000,29597301,1100000019362205,2022-03-11T14:42:37
IOC,INE242A01010,2022-03-11,NSE,EQ,EQ,buy,false,49.000000,123.150000,29597302,1100000019362205,2022-03-11T14:42:37
IOC,INE242A01010,2022-03-11,NSE,EQ,EQ,buy,false,250.000000,123.150000,29597303,1100000019362205,2022-03-11T14:42:37
IOC,INE242A01010,2022-03-11,NSE,EQ,EQ,buy,false,50.000000,123.150000,29597304,1100000019362205,2022-03-11T14:42:37
IOC,INE242A01010,2022-03-11,NSE,EQ,EQ,buy,false,118.000000,123.150000,29597305,1100000019362205,2022-03-11T14:42:37
IOC,INE242A01010,2022-03-11,NSE,EQ,EQ,buy,false,40.000000,123.150000,29597306,1100000019362205,2022-03-11T14:42:37
IOC,INE242A01010,2022-03-11,NSE,EQ,EQ,buy,false,100.000000,123.150000,29597307,1100000019362205,2022-03-11T14:42:37
IOC,INE242A01010,2022-03-11,NSE,EQ,EQ,buy,false,1.000000,123.150000,29597308,1100000019362205,2022-03-11T14:42:37
IOC,INE242A01010,2022-03-11,NSE,EQ,EQ,buy,false,25.000000,123.150000,29597309,1100000019362205,2022-03-11T14:42:37
IOC,INE242A01010,2022-03-11,NSE,EQ,EQ,buy,false,2.000000,123.150000,29597311,1100000019362205,2022-03-11T14:42:37
IOC,INE242A01010,2022-03-11,NSE,EQ,EQ,buy,false,8.000000,123.150000,29597312,1100000019362205,2022-03-11T14:42:37
IOC,INE242A01010,2022-03-11,NSE,EQ,EQ,buy,false,7.000000,123.150000,29597385,1100000019362205,2022-03-11T14:42:37
IOC,INE242A01010,2022-03-11,NSE,EQ,EQ,buy,false,64.000000,123.150000,29597386,1100000019362205,2022-03-11T14:42:37
IOC,INE242A01010,2022-03-11,NSE,EQ,EQ,buy,false,25.000000,123.150000,29597399,1100000019362205,2022-03-11T14:42:37
IOC,INE242A01010,2022-03-11,NSE,EQ,EQ,buy,false,100.000000,123.150000,29597550,1100000019362205,2022-03-11T14:42:38
IOC,INE242A01010,2022-03-11,NSE,EQ,EQ,buy,false,18.000000,123.150000,29598678,1100000019362205,2022-03-11T14:42:41
IOC,INE242A01010,2022-03-11,NSE,EQ,EQ,buy,false,264.000000,123.400000,29612151,1100000019362205,2022-03-11T14:43:22
IOC,INE242A01010,2022-03-11,NSE,EQ,EQ,buy,false,300.000000,123.400000,29612152,1100000019362205,2022-03-11T14:43:22
IOC,INE242A01010,2022-03-11,NSE,EQ,EQ,buy,false,1.000000,123.400000,29612153,1100000019362205,2022-03-11T14:43:22
IOC,INE242A01010,2022-03-11,NSE,EQ,EQ,buy,false,6.000000,123.400000,29612154,1100000019362205,2022-03-11T14:43:22
IOC,INE242A01010,2022-03-11,NSE,EQ,EQ,buy,false,100.000000,123.400000,29612155,1100000019362205,2022-03-11T14:43:22
IOC,INE242A01010,2022-03-11,NSE,EQ,EQ,buy,false,200.000000,123.400000,29612156,1100000019362205,2022-03-11T14:43:22
IOC,INE242A01010,2022-03-11,NSE,EQ,EQ,buy,false,13.000000,123.400000,29612157,1100000019362205,2022-03-11T14:43:22
GRANULES,INE101D01020,2022-03-14,NSE,EQ,EQ,sell,false,400.000000,310.200000,25024896,1100000000062971,2022-03-14T09:07:29
LAURUSLABS,INE947Q01028,2022-03-14,NSE,EQ,EQ,sell,false,4.000000,583.650000,50027533,1200000000117452,2022-03-14T09:07:29
LAURUSLABS,INE947Q01028,2022-03-14,NSE,EQ,EQ,sell,false,1.000000,583.650000,50027530,1200000000117452,2022-03-14T09:07:29
LAURUSLABS,INE947Q01028,2022-03-14,NSE,EQ,EQ,sell,false,1.000000,583.650000,50027535,1200000000117452,2022-03-14T09:07:29
LAURUSLABS,INE947Q01028,2022-03-14,NSE,EQ,EQ,sell,false,1.000000,583.650000,50027534,1200000000117452,2022-03-14T09:07:29
LAURUSLABS,INE947Q01028,2022-03-14,NSE,EQ,EQ,sell,false,91.000000,583.650000,50027539,1200000000117452,2022-03-14T09:07:29
LAURUSLABS,INE947Q01028,2022-03-14,NSE,EQ,EQ,sell,false,1.000000,583.650000,50027532,1200000000117452,2022-03-14T09:07:29
LAURUSLABS,INE947Q01028,2022-03-14,NSE,EQ,EQ,sell,false,20.000000,583.650000,50027531,1200000000117452,2022-03-14T09:07:29
LAURUSLABS,INE947Q01028,2022-03-14,NSE,EQ,EQ,sell,false,36.000000,583.650000,50027529,1200000000117452,2022-03-14T09:07:29
LAURUSLABS,INE947Q01028,2022-03-14,NSE,EQ,EQ,sell,false,10.000000,583.650000,50027528,1200000000117452,2022-03-14T09:07:29
LAURUSLABS,INE947Q01028,2022-03-14,NSE,EQ,EQ,sell,false,1.000000,583.650000,50027527,1200000000117452,2022-03-14T09:07:29
LAURUSLABS,INE947Q01028,2022-03-14,NSE,EQ,EQ,sell,false,10.000000,583.650000,50027536,1200000000117452,2022-03-14T09:07:29
LAURUSLABS,INE947Q01028,2022-03-14,NSE,EQ,EQ,sell,false,8.000000,583.650000,50027538,1200000000117452,2022-03-14T09:07:29
LAURUSLABS,INE947Q01028,2022-03-14,NSE,EQ,EQ,sell,false,6.000000,583.650000,50027537,1200000000117452,2022-03-14T09:07:29
GRANULES,INE101D01020,2022-03-14,NSE,EQ,EQ,buy,false,1.000000,306.450000,25526120,1100000000755407,2022-03-14T09:25:36
GRANULES,INE101D01020,2022-03-14,NSE,EQ,EQ,buy,false,199.000000,306.500000,25698939,1100000002331688,2022-03-14T09:31:11
LAURUSLABS,INE947Q01028,2022-03-14,NSE,EQ,EQ,buy,false,48.000000,588.750000,50916174,1200000002590043,2022-03-14T09:42:10
LAURUSLABS,INE947Q01028,2022-03-14,NSE,EQ,EQ,buy,false,60.000000,588.750000,50916171,1200000002590043,2022-03-14T09:42:10
LAURUSLABS,INE947Q01028,2022-03-14,NSE,EQ,EQ,buy,false,25.000000,588.750000,50916175,1200000002590043,2022-03-14T09:42:10
LAURUSLABS,INE947Q01028,2022-03-14,NSE,EQ,EQ,buy,false,12.000000,592.250000,50946608,1200000002590043,2022-03-14T09:43:28
LAURUSLABS,INE947Q01028,2022-03-14,NSE,EQ,EQ,buy,false,16.000000,592.250000,50946607,1200000002590043,2022-03-14T09:43:28
LAURUSLABS,INE947Q01028,2022-03-14,NSE,EQ,EQ,buy,false,29.000000,592.250000,50946606,1200000002590043,2022-03-14T09:43:28
GRANULES,INE101D01020,2022-03-14,NSE,EQ,EQ,buy,false,200.000000,303.700000,27598719,1100000009367987,2022-03-14T11:14:03
CUMMINSIND,INE298A01020,2022-03-15,NSE,EQ,EQ,sell,false,27.000000,1035.000000,206993,1000000000526649,2022-03-15T09:17:50
CUMMINSIND,INE298A01020,2022-03-15,NSE,EQ,EQ,sell,false,5.000000,1035.000000,207614,1000000000526649,2022-03-15T09:17:51
CUMMINSIND,INE298A01020,2022-03-15,NSE,EQ,EQ,sell,false,138.000000,1035.000000,207963,1000000000526649,2022-03-15T09:17:51
CUMMINSIND,INE298A01020,2022-03-15,NSE,EQ,EQ,sell,false,8.000000,1037.100000,280626,1000000000802200,2022-03-15T09:19:31
CUMMINSIND,INE298A01020,2022-03-15,NSE,EQ,EQ,sell,false,4.000000,1037.100000,280627,1000000000802200,2022-03-15T09:19:31
CUMMINSIND,INE298A01020,2022-03-15,NSE,EQ,EQ,sell,false,8.000000,1037.050000,280628,1000000000802200,2022-03-15T09:19:31
CUMMINSIND,INE298A01020,2022-03-15,NSE,EQ,EQ,buy,false,10.000000,1050.000000,697765,1000000002357203,2022-03-15T09:32:47
CUMMINSIND,INE298A01020,2022-03-15,NSE,EQ,EQ,buy,false,17.000000,1050.000000,697766,1000000002357203,2022-03-15T09:32:47
CUMMINSIND,INE298A01020,2022-03-15,NSE,EQ,EQ,buy,false,2.000000,1050.000000,697768,1000000002357203,2022-03-15T09:32:47
CUMMINSIND,INE298A01020,2022-03-15,NSE,EQ,EQ,buy,false,6.000000,1050.000000,697764,1000000002357203,2022-03-15T09:32:47
CUMMINSIND,INE298A01020,2022-03-15,NSE,EQ,EQ,buy,false,150.000000,1050.000000,697763,1000000002357203,2022-03-15T09:32:47
CUMMINSIND,INE298A01020,2022-03-15,NSE,EQ,EQ,buy,false,5.000000,1050.000000,697767,1000000002357203,2022-03-15T09:32:47
SRF,INE647A01010,2022-03-16,NSE,EQ,EQ,sell,false,50.000000,2477.300000,75004191,1300000000024564,2022-03-16T09:07:53
SRF,INE647A01010,2022-03-16,NSE,EQ,EQ,sell,false,19.000000,2477.300000,75004190,1300000000024564,2022-03-16T09:07:53
SRF,INE647A01010,2022-03-16,NSE,EQ,EQ,sell,false,15.000000,2477.300000,75004194,1300000000024878,2022-03-16T09:07:53
SRF,INE647A01010,2022-03-16,NSE,EQ,EQ,sell,false,1.000000,2477.300000,75004192,1300000000024564,2022-03-16T09:07:53
SRF,INE647A01010,2022-03-16,NSE,EQ,EQ,sell,false,5.000000,2477.300000,75004195,1300000000024878,2022-03-16T09:07:53
SRF,INE647A01010,2022-03-16,NSE,EQ,EQ,buy,false,2.000000,2442.000000,75264753,1300000000945163,2022-03-16T09:19:46
SRF,INE647A01010,2022-03-16,NSE,EQ,EQ,buy,false,88.000000,2442.000000,75265083,1300000000945163,2022-03-16T09:19:47
VOLTAS,INE226A01021,2022-03-16,NSE,EQ,EQ,sell,false,69.000000,1282.050000,77159443,1300000009444293,2022-03-16T11:33:11
VOLTAS,INE226A01021,2022-03-16,NSE,EQ,EQ,sell,false,10.000000,1282.050000,77159442,1300000009444293,2022-03-16T11:33:11
VOLTAS,INE226A01021,2022-03-16,NSE,EQ,EQ,sell,false,21.000000,1282.050000,77159441,1300000009444293,2022-03-16T11:33:11
VOLTAS,INE226A01021,2022-03-16,NSE,EQ,EQ,buy,false,100.000000,1288.100000,77370222,1300000009470576,2022-03-16T11:56:45
HAL,INE066F01012,2022-03-17,NSE,EQ,EQ,sell,false,80.000000,1486.000000,25011547,1100000000051688,2022-03-17T09:07:59
VOLTAS,INE226A01021,2022-03-17,NSE,EQ,EQ,sell,false,80.000000,1303.000000,75009726,1300000000096452,2022-03-17T09:07:59
VOLTAS,INE226A01021,2022-03-17,NSE,EQ,EQ,buy,false,31.000000,1315.000000,75716490,1300000002375060,2022-03-17T09:31:46
VOLTAS,INE226A01021,2022-03-17,NSE,EQ,EQ,buy,false,49.000000,1315.000000,75716489,1300000002375060,2022-03-17T09:31:46
HAL,INE066F01012,2022-03-17,NSE,EQ,EQ,buy,false,80.000000,1464.000000,27412707,1100000001699868,2022-03-17T11:19:53
RPOWER,INE614G01033,2022-03-17,NSE,EQ,EQ,sell,false,931.000000,14.200000,79489715,1300000011310181,2022-03-17T14:05:46
COROMANDEL,INE169A01031,2022-03-21,NSE,EQ,EQ,sell,false,186.000000,853.000000,8804,1000000000040084,2022-03-21T09:07:30
COROMANDEL,INE169A01031,2022-03-21,NSE,EQ,EQ,sell,false,14.000000,853.000000,8803,1000000000040084,2022-03-21T09:07:30
TRENT,INE849A01020,2022-03-21,NSE,EQ,EQ,sell,false,50.000000,1282.000000,75001207,1300000000053894,2022-03-21T09:07:30
TRENT,INE849A01020,2022-03-21,NSE,EQ,EQ,sell,false,50.000000,1282.000000,75001195,1300000000054400,2022-03-21T09:07:30
TRENT,INE849A01020,2022-03-21,NSE,EQ,EQ,buy,false,49.000000,1262.500000,75316519,1300000000924865,2022-03-21T09:18:41
TRENT,INE849A01020,2022-03-21,NSE,EQ,EQ,buy,false,50.000000,1262.500000,75316518,1300000000924865,2022-03-21T09:18:41
TRENT,INE849A01020,2022-03-21,NSE,EQ,EQ,buy,false,1.000000,1262.500000,75316187,1300000000924865,2022-03-21T09:18:41
COROMANDEL,INE169A01031,2022-03-21,NSE,EQ,EQ,sell,false,50.000000,857.000000,598660,1000000001908685,2022-03-21T09:28:25
COROMANDEL,INE169A01031,2022-03-21,NSE,EQ,EQ,buy,false,50.000000,850.600000,724638,1000000002234333,2022-03-21T09:33:10
COROMANDEL,INE169A01031,2022-03-21,NSE,EQ,EQ,buy,false,4.000000,850.600000,724757,1000000002234333,2022-03-21T09:33:11
COROMANDEL,INE169A01031,2022-03-21,NSE,EQ,EQ,buy,false,5.000000,850.800000,726606,1000000002234333,2022-03-21T09:33:16
COROMANDEL,INE169A01031,2022-03-21,NSE,EQ,EQ,buy,false,22.000000,850.950000,729197,1000000002234333,2022-03-21T09:33:23
COROMANDEL,INE169A01031,2022-03-21,NSE,EQ,EQ,buy,false,57.000000,850.950000,729332,1000000002234333,2022-03-21T09:33:23
COROMANDEL,INE169A01031,2022-03-21,NSE,EQ,EQ,buy,false,11.000000,850.950000,729809,1000000002234333,2022-03-21T09:33:25
COROMANDEL,INE169A01031,2022-03-21,NSE,EQ,EQ,buy,false,28.000000,850.950000,730972,1000000002234333,2022-03-21T09:33:28
COROMANDEL,INE169A01031,2022-03-21,NSE,EQ,EQ,buy,false,73.000000,848.000000,756540,1000000002234333,2022-03-21T09:34:25
CUMMINSIND,INE298A01020,2022-03-22,NSE,EQ,EQ,sell,false,110.000000,1059.300000,4805,1000000000025668,2022-03-22T09:07:12
INTELLECT,INE306R01017,2022-03-22,NSE,EQ,EQ,sell,false,160.000000,808.100000,25020116,1100000000025306,2022-03-22T09:15:00
CHAMBLFERT,INE085A01013,2022-03-22,NSE,EQ,EQ,sell,false,270.000000,434.000000,56944,1000000000025662,2022-03-22T09:15:36
CUMMINSIND,INE298A01020,2022-03-22,NSE,EQ,EQ,buy,false,110.000000,1045.500000,157301,1000000000545653,2022-03-22T09:18:16
CHAMBLFERT,INE085A01013,2022-03-22,NSE,EQ,EQ,sell,false,83.000000,439.350000,228041,1000000000881177,2022-03-22T09:20:51
CHAMBLFERT,INE085A01013,2022-03-22,NSE,EQ,EQ,sell,false,17.000000,439.350000,228040,1000000000881177,2022-03-22T09:20:51
INTELLECT,INE306R01017,2022-03-22,NSE,EQ,EQ,buy,false,160.000000,800.600000,25589504,1100000002175804,2022-03-22T09:30:15
CHAMBLFERT,INE085A01013,2022-03-22,NSE,EQ,EQ,buy,false,7.000000,431.400000,1064503,1000000002769550,2022-03-22T10:17:27
CHAMBLFERT,INE085A01013,2022-03-22,NSE,EQ,EQ,buy,false,1.000000,431.400000,1064505,1000000002769550,2022-03-22T10:17:27
CHAMBLFERT,INE085A01013,2022-03-22,NSE,EQ,EQ,buy,false,10.000000,431.400000,1064504,1000000002769550,2022-03-22T10:17:27
CHAMBLFERT,INE085A01013,2022-03-22,NSE,EQ,EQ,buy,false,32.000000,431.400000,1064502,1000000002769550,2022-03-22T10:17:27
CHAMBLFERT,INE085A01013,2022-03-22,NSE,EQ,EQ,buy,false,15.000000,428.800000,2140475,1000000010636863,2022-03-22T12:21:47
CHAMBLFERT,INE085A01013,2022-03-22,NSE,EQ,EQ,buy,false,22.000000,428.800000,2141050,1000000010636863,2022-03-22T12:21:52
CHAMBLFERT,INE085A01013,2022-03-22,NSE,EQ,EQ,buy,false,52.000000,428.800000,2141556,1000000010636863,2022-03-22T12:21:58
CHAMBLFERT,INE085A01013,2022-03-22,NSE,EQ,EQ,buy,false,90.000000,428.800000,2141763,1000000010636863,2022-03-22T12:22:00
CHAMBLFERT,INE085A01013,2022-03-22,NSE,EQ,EQ,buy,false,141.000000,428.800000,2142136,1000000010636863,2022-03-22T12:22:04
IOC,INE242A01010,2022-03-23,NSE,EQ,EQ,sell,false,1100.000000,121.850000,25006767,1100000000051365,2022-03-23T09:07:43
RAIN,INE855B01025,2022-03-23,NSE,EQ,EQ,sell,false,200.000000,195.000000,75021314,1300000000059907,2022-03-23T09:07:43
RAIN,INE855B01025,2022-03-23,NSE,EQ,EQ,sell,false,19.000000,195.000000,75021317,1300000000059907,2022-03-23T09:07:43
RAIN,INE855B01025,2022-03-23,NSE,EQ,EQ,sell,false,30.000000,195.000000,75021316,1300000000059907,2022-03-23T09:07:43
RAIN,INE855B01025,2022-03-23,NSE,EQ,EQ,sell,false,100.000000,195.000000,75021315,1300000000059907,2022-03-23T09:07:43
RAIN,INE855B01025,2022-03-23,NSE,EQ,EQ,sell,false,30.000000,195.000000,75021313,1300000000059907,2022-03-23T09:07:43
RAIN,INE855B01025,2022-03-23,NSE,EQ,EQ,sell,false,37.000000,195.000000,75021312,1300000000059907,2022-03-23T09:07:43
IOC,INE242A01010,2022-03-23,NSE,EQ,EQ,sell,false,62.000000,122.800000,25195886,1100000000663628,2022-03-23T09:17:47
IOC,INE242A01010,2022-03-23,NSE,EQ,EQ,sell,false,423.000000,122.800000,25195885,1100000000663628,2022-03-23T09:17:47
IOC,INE242A01010,2022-03-23,NSE,EQ,EQ,sell,false,15.000000,122.800000,25195887,1100000000663628,2022-03-23T09:17:47
RAIN,INE855B01025,2022-03-23,NSE,EQ,EQ,sell,false,200.000000,196.200000,75301149,1300000001066342,2022-03-23T09:20:29
IOC,INE242A01010,2022-03-23,NSE,EQ,EQ,buy,false,1280.000000,121.250000,25373447,1100000001224465,2022-03-23T09:22:03
IOC,INE242A01010,2022-03-23,NSE,EQ,EQ,buy,false,1.000000,121.250000,25373321,1100000001224465,2022-03-23T09:22:03
IOC,INE242A01010,2022-03-23,NSE,EQ,EQ,buy,false,319.000000,121.250000,25373320,1100000001224465,2022-03-23T09:22:03
RAIN,INE855B01025,2022-03-23,NSE,EQ,EQ,buy,false,41.000000,193.650000,75451829,1300000001611389,2022-03-23T09:25:11
RAIN,INE855B01025,2022-03-23,NSE,EQ,EQ,buy,false,75.000000,193.650000,75451823,1300000001611389,2022-03-23T09:25:11
RAIN,INE855B01025,2022-03-23,NSE,EQ,EQ,buy,false,500.000000,193.650000,75451733,1300000001611389,2022-03-23T09:25:11
ALKEM,INE540L01014,2022-03-24,NSE,EQ,EQ,sell,false,35.000000,3665.000000,65774,1000000000027667,2022-03-24T09:15:55
WHIRLPOOL,INE716A01013,2022-03-24,NSE,EQ,EQ,sell,false,70.000000,1647.000000,75132472,1300000000055132,2022-03-24T09:16:53
ALKEM,INE540L01014,2022-03-24,NSE,EQ,EQ,buy,false,35.000000,3606.000000,147262,1000000000590853,2022-03-24T09:18:28
WHIRLPOOL,INE716A01013,2022-03-24,NSE,EQ,EQ,buy,false,70.000000,1638.800000,75585561,1300000002372557,2022-03-24T09:34:36
FSL,INE684F01012,2022-03-25,NSE,EQ,EQ,sell,false,172.000000,135.500000,25013678,1100000000030556,2022-03-25T09:07:06
FSL,INE684F01012,2022-03-25,NSE,EQ,EQ,sell,false,428.000000,135.500000,25013679,1100000000030556,2022-03-25T09:07:06
FSL,INE684F01012,2022-03-25,NSE,EQ,EQ,buy,false,600.000000,133.800000,25374826,1100000001303282,2022-03-25T09:22:42
RAIN,INE855B01025,2022-03-28,NSE,EQ,EQ,sell,false,600.000000,204.650000,75031855,1300000000052229,2022-03-28T09:07:04
ATUL,INE100A01010,2022-03-28,NSE,EQ,EQ,sell,false,3.000000,10130.000000,33781,1000000000033506,2022-03-28T09:15:06
RAIN,INE855B01025,2022-03-28,NSE,EQ,EQ,sell,false,200.000000,205.250000,75228169,1300000000767694,2022-03-28T09:18:51
ATUL,INE100A01010,2022-03-28,NSE,EQ,EQ,buy,false,1.000000,10011.750000,206088,1000000000727236,2022-03-28T09:19:04
RAIN,INE855B01025,2022-03-28,NSE,EQ,EQ,buy,false,192.000000,202.850000,75361170,1300000001195636,2022-03-28T09:22:49
RAIN,INE855B01025,2022-03-28,NSE,EQ,EQ,buy,false,67.000000,202.800000,75361169,1300000001195636,2022-03-28T09:22:49
RAIN,INE855B01025,2022-03-28,NSE,EQ,EQ,buy,false,46.000000,202.750000,75361168,1300000001195636,2022-03-28T09:22:49
RAIN,INE855B01025,2022-03-28,NSE,EQ,EQ,buy,false,46.000000,202.750000,75361167,1300000001195636,2022-03-28T09:22:49
RAIN,INE855B01025,2022-03-28,NSE,EQ,EQ,buy,false,3.000000,202.750000,75361166,1300000001195636,2022-03-28T09:22:49
RAIN,INE855B01025,2022-03-28,NSE,EQ,EQ,buy,false,226.000000,202.700000,75361165,1300000001195636,2022-03-28T09:22:49
RAIN,INE855B01025,2022-03-28,NSE,EQ,EQ,buy,false,220.000000,202.600000,75361063,1300000001195636,2022-03-28T09:22:49
ATUL,INE100A01010,2022-03-28,NSE,EQ,EQ,buy,false,2.000000,10008.000000,329731,1000000001210795,2022-03-28T09:23:12
CUMMINSIND,INE298A01020,2022-03-29,NSE,EQ,EQ,sell,false,100.000000,1114.950000,3947,1000000000024909,2022-03-29T09:07:21
CUMMINSIND,INE298A01020,2022-03-29,NSE,EQ,EQ,sell,false,1.000000,1114.950000,3946,1000000000024909,2022-03-29T09:07:21
CUMMINSIND,INE298A01020,2022-03-29,NSE,EQ,EQ,sell,false,15.000000,1114.950000,3945,1000000000024909,2022-03-29T09:07:21
CUMMINSIND,INE298A01020,2022-03-29,NSE,EQ,EQ,sell,false,25.000000,1114.950000,3944,1000000000024909,2022-03-29T09:07:21
CUMMINSIND,INE298A01020,2022-03-29,NSE,EQ,EQ,sell,false,7.000000,1114.950000,3943,1000000000024909,2022-03-29T09:07:21
CUMMINSIND,INE298A01020,2022-03-29,NSE,EQ,EQ,sell,false,17.000000,1114.950000,3950,1000000000024909,2022-03-29T09:07:21
CUMMINSIND,INE298A01020,2022-03-29,NSE,EQ,EQ,sell,false,5.000000,1114.950000,3949,1000000000024909,2022-03-29T09:07:21
CUMMINSIND,INE298A01020,2022-03-29,NSE,EQ,EQ,sell,false,10.000000,1114.950000,3948,1000000000024909,2022-03-29T09:07:21
CUMMINSIND,INE298A01020,2022-03-29,NSE,EQ,EQ,buy,false,3.000000,1102.600000,385560,1000000001316260,2022-03-29T09:23:57
CUMMINSIND,INE298A01020,2022-03-29,NSE,EQ,EQ,buy,false,36.000000,1102.550000,385559,1000000001316260,2022-03-29T09:23:57
CUMMINSIND,INE298A01020,2022-03-29,NSE,EQ,EQ,buy,false,27.000000,1102.500000,385558,1000000001316260,2022-03-29T09:23:57
CUMMINSIND,INE298A01020,2022-03-29,NSE,EQ,EQ,buy,false,54.000000,1102.500000,385557,1000000001316260,2022-03-29T09:23:57
CUMMINSIND,INE298A01020,2022-03-29,NSE,EQ,EQ,buy,false,20.000000,1102.500000,385556,1000000001316260,2022-03-29T09:23:57
CUMMINSIND,INE298A01020,2022-03-29,NSE,EQ,EQ,buy,false,40.000000,1102.600000,385561,1000000001316260,2022-03-29T09:23:57
ACC,INE012A01025,2022-03-30,NSE,EQ,EQ,sell,false,30.000000,2140.000000,138,1000000000030851,2022-03-30T09:07:18
CHAMBLFERT,INE085A01013,2022-03-30,NSE,EQ,EQ,sell,false,7.000000,428.050000,3690,1000000000030826,2022-03-30T09:07:18
CHAMBLFERT,INE085A01013,2022-03-30,NSE,EQ,EQ,sell,false,200.000000,428.050000,3691,1000000000030826,2022-03-30T09:07:18
CHAMBLFERT,INE085A01013,2022-03-30,NSE,EQ,EQ,sell,false,236.000000,428.050000,3692,1000000000030826,2022-03-30T09:07:18
IPCALAB,INE571A01038,2022-03-30,NSE,EQ,EQ,sell,false,25.000000,1064.850000,25008780,1100000000039469,2022-03-30T09:07:18
IPCALAB,INE571A01038,2022-03-30,NSE,EQ,EQ,sell,false,3.000000,1064.850000,25008781,1100000000039469,2022-03-30T09:07:18
IPCALAB,INE571A01038,2022-03-30,NSE,EQ,EQ,sell,false,3.000000,1064.850000,25008782,1100000000039469,2022-03-30T09:07:18
IPCALAB,INE571A01038,2022-03-30,NSE,EQ,EQ,sell,false,5.000000,1064.850000,25008783,1100000000039469,2022-03-30T09:07:18
IPCALAB,INE571A01038,2022-03-30,NSE,EQ,EQ,sell,false,9.000000,1064.850000,25008784,1100000000039469,2022-03-30T09:07:18
IPCALAB,INE571A01038,2022-03-30,NSE,EQ,EQ,sell,false,10.000000,1064.850000,25008785,1100000000039469,2022-03-30T09:07:18
IPCALAB,INE571A01038,2022-03-30,NSE,EQ,EQ,sell,false,2.000000,1064.850000,25008786,1100000000039469,2022-03-30T09:07:18
IPCALAB,INE571A01038,2022-03-30,NSE,EQ,EQ,sell,false,10.000000,1064.850000,25008787,1100000000039469,2022-03-30T09:07:18
IPCALAB,INE571A01038,2022-03-30,NSE,EQ,EQ,sell,false,5.000000,1064.850000,25008788,1100000000039469,2022-03-30T09:07:18
IPCALAB,INE571A01038,2022-03-30,NSE,EQ,EQ,sell,false,9.000000,1064.850000,25008789,1100000000039469,2022-03-30T09:07:18
IPCALAB,INE571A01038,2022-03-30,NSE,EQ,EQ,sell,false,1.000000,1064.850000,25008790,1100000000039469,2022-03-30T09:07:18
IPCALAB,INE571A01038,2022-03-30,NSE,EQ,EQ,sell,false,88.000000,1064.850000,25008791,1100000000039469,2022-03-30T09:07:18
IPCALAB,INE571A01038,2022-03-30,NSE,EQ,EQ,buy,false,1.000000,1055.000000,25421966,1100000000928086,2022-03-30T09:24:21
IPCALAB,INE571A01038,2022-03-30,NSE,EQ,EQ,buy,false,133.000000,1053.100000,25479408,1100000001650820,2022-03-30T09:26:17
IPCALAB,INE571A01038,2022-03-30,NSE,EQ,EQ,buy,false,15.000000,1053.100000,25482488,1100000001650820,2022-03-30T09:26:25
IPCALAB,INE571A01038,2022-03-30,NSE,EQ,EQ,buy,false,21.000000,1053.100000,25483174,1100000001650820,2022-03-30T09:26:27
CHAMBLFERT,INE085A01013,2022-03-30,NSE,EQ,EQ,buy,false,1.000000,424.600000,528035,1000000000875605,2022-03-30T09:27:28
ACC,INE012A01025,2022-03-30,NSE,EQ,EQ,buy,false,1.000000,2166.650000,693297,1000000001241179,2022-03-30T09:35:22
CHAMBLFERT,INE085A01013,2022-03-30,NSE,EQ,EQ,buy,false,442.000000,423.500000,1402080,1000000001860222,2022-03-30T10:18:47
ACC,INE012A01025,2022-03-30,NSE,EQ,EQ,buy,false,29.000000,2172.650000,1731071,1000000002455648,2022-03-30T10:46:18
TATACOMM,INE151A01013,2022-03-31,NSE,EQ,EQ,sell,false,5.000000,1223.000000,77455097,1300000010276617,2022-03-31T11:58:01
TATACOMM,INE151A01013,2022-03-31,NSE,EQ,EQ,sell,false,135.000000,1223.000000,77455742,1300000010276617,2022-03-31T11:58:06
TATACOMM,INE151A01013,2022-03-31,NSE,EQ,EQ,buy,false,24.000000,1224.900000,77461890,1300000010310836,2022-03-31T11:58:43
TATACOMM,INE151A01013,2022-03-31,NSE,EQ,EQ,buy,false,6.000000,1224.900000,77462306,1300000010310836,2022-03-31T11:58:45
TATACOMM,INE151A01013,2022-03-31,NSE,EQ,EQ,buy,false,110.000000,1226.500000,77633748,1300000010417755,2022-03-31T12:16:12
HAL,INE066F01012,2022-04-01,NSE,EQ,EQ,sell,false,100.000000,1492.000000,25008530,1100000000042302,2022-04-01T09:07:42
HAL,INE066F01012,2022-04-01,NSE,EQ,EQ,sell,false,36.000000,1492.000000,25008531,1100000000042302,2022-04-01T09:07:42
HAL,INE066F01012,2022-04-01,NSE,EQ,EQ,sell,false,64.000000,1492.000000,25008529,1100000000042302,2022-04-01T09:07:42
PAGEIND,INE761H01022,2022-04-01,NSE,EQ,EQ,sell,false,2.000000,43189.400000,50017961,1200000000034142,2022-04-01T09:15:01
PAGEIND,INE761H01022,2022-04-01,NSE,EQ,EQ,sell,false,1.000000,43189.400000,50017962,1200000000039016,2022-04-01T09:15:01
INTELLECT,INE306R01017,2022-04-01,NSE,EQ,EQ,sell,false,10.000000,945.800000,25030615,1100000000051393,2022-04-01T09:15:02
INTELLECT,INE306R01017,2022-04-01,NSE,EQ,EQ,buy,false,10.000000,931.700000,25142512,1100000000495001,2022-04-01T09:16:50
MARICO,INE196A01026,2022-04-01,NSE,EQ,EQ,sell,false,20.000000,507.800000,50187352,1200000000676566,2022-04-01T09:19:08
MARICO,INE196A01026,2022-04-01,NSE,EQ,EQ,buy,false,20.000000,508.250000,50319266,1200000001242851,2022-04-01T09:23:38
HAL,INE066F01012,2022-04-01,NSE,EQ,EQ,buy,false,200.000000,1525.000000,25784089,1100000002608497,2022-04-01T09:37:30
PAGEIND,INE761H01022,2022-04-01,NSE,EQ,EQ,sell,false,2.000000,43010.650000,50670440,1200000002707013,2022-04-01T09:39:52
PAGEIND,INE761H01022,2022-04-01,NSE,EQ,EQ,buy,false,1.000000,42916.000000,52061397,1200000008178575,2022-04-01T11:16:30
PAGEIND,INE761H01022,2022-04-01,NSE,EQ,EQ,buy,false,1.000000,42916.000000,52062269,1200000008178575,2022-04-01T11:16:36
ROUTE,INE450U01017,2022-04-01,NSE,EQ,EQ,sell,false,10.000000,1563.000000,78615461,1300000014277127,2022-04-01T13:38:52
PAGEIND,INE761H01022,2022-04-01,NSE,EQ,EQ,buy,false,1.000000,43224.900000,54529333,1200000008910727,2022-04-01T15:17:31
PAGEIND,INE761H01022,2022-04-01,NSE,EQ,EQ,buy,false,1.000000,43224.900000,54529332,1200000008910727,2022-04-01T15:17:31
PAGEIND,INE761H01022,2022-04-01,NSE,EQ,EQ,buy,false,1.000000,43224.850000,54529331,1200000008910727,2022-04-01T15:17:31
INDIACEM,INE383A01012,2022-04-04,NSE,EQ,EQ,sell,false,43.000000,220.750000,25014070,1100000000076910,2022-04-04T09:07:41
INDIACEM,INE383A01012,2022-04-04,NSE,EQ,EQ,sell,false,25.000000,220.750000,25014071,1100000000076910,2022-04-04T09:07:41
INDIACEM,INE383A01012,2022-04-04,NSE,EQ,EQ,sell,false,132.000000,220.750000,25014072,1100000000076910,2022-04-04T09:07:41
INDIACEM,INE383A01012,2022-04-04,NSE,EQ,EQ,sell,false,320.000000,220.250000,25415164,1100000001105891,2022-04-04T09:18:58
INDIACEM,INE383A01012,2022-04-04,NSE,EQ,EQ,buy,false,520.000000,218.800000,25924814,1100000002106322,2022-04-04T09:31:01
HAL,INE066F01012,2022-04-04,NSE,EQ,EQ,sell,false,35.000000,1565.000000,29179869,1100000013516033,2022-04-04T11:43:18
HAL,INE066F01012,2022-04-04,NSE,EQ,EQ,sell,false,7.000000,1565.000000,29181074,1100000013516033,2022-04-04T11:43:23
HAL,INE066F01012,2022-04-04,NSE,EQ,EQ,sell,false,89.000000,1565.000000,29181203,1100000013516033,2022-04-04T11:43:23
HAL,INE066F01012,2022-04-04,NSE,EQ,EQ,sell,false,12.000000,1565.000000,29181640,1100000013516033,2022-04-04T11:43:25
HAL,INE066F01012,2022-04-04,NSE,EQ,EQ,sell,false,57.000000,1565.000000,29182347,1100000013516033,2022-04-04T11:43:27
HAL,INE066F01012,2022-04-04,NSE,EQ,EQ,sell,false,50.000000,1565.000000,29182120,1100000013516033,2022-04-04T11:43:27
HAL,INE066F01012,2022-04-04,NSE,EQ,EQ,buy,false,1.000000,1575.650000,29307998,1100000013706437,2022-04-04T11:51:09
HAL,INE066F01012,2022-04-04,NSE,EQ,EQ,buy,false,1.000000,1575.650000,29307997,1100000013706437,2022-04-04T11:51:09
HAL,INE066F01012,2022-04-04,NSE,EQ,EQ,buy,false,1.000000,1575.650000,29309134,1100000013706437,2022-04-04T11:51:12
HAL,INE066F01012,2022-04-04,NSE,EQ,EQ,buy,false,1.000000,1575.650000,29309032,1100000013706437,2022-04-04T11:51:12
HAL,INE066F01012,2022-04-04,NSE,EQ,EQ,buy,false,230.000000,1578.100000,29327131,1100000013706437,2022-04-04T11:52:08
HAL,INE066F01012,2022-04-04,NSE,EQ,EQ,buy,false,6.000000,1578.050000,29327130,1100000013706437,2022-04-04T11:52:08
HAL,INE066F01012,2022-04-04,NSE,EQ,EQ,buy,false,3.000000,1578.050000,29327129,1100000013706437,2022-04-04T11:52:08
HAL,INE066F01012,2022-04-04,NSE,EQ,EQ,buy,false,3.000000,1578.050000,29327128,1100000013706437,2022-04-04T11:52:08
HAL,INE066F01012,2022-04-04,NSE,EQ,EQ,buy,false,1.000000,1578.050000,29327127,1100000013706437,2022-04-04T11:52:08
HAL,INE066F01012,2022-04-04,NSE,EQ,EQ,buy,false,3.000000,1578.050000,29327126,1100000013706437,2022-04-04T11:52:08
ADANIPORTS,INE742F01042,2022-04-05,NSE,EQ,EQ,sell,false,283.000000,840.000000,14747,1000000000029547,2022-04-05T09:07:04
GSPL,INE246F01010,2022-04-05,NSE,EQ,EQ,sell,false,259.000000,278.000000,25024242,1100000000036868,2022-04-05T09:07:04
GSPL,INE246F01010,2022-04-05,NSE,EQ,EQ,sell,false,70.000000,278.000000,25024243,1100000000036868,2022-04-05T09:07:04
GSPL,INE246F01010,2022-04-05,NSE,EQ,EQ,sell,false,100.000000,278.000000,25024244,1100000000036868,2022-04-05T09:07:04
GSPL,INE246F01010,2022-04-05,NSE,EQ,EQ,sell,false,413.000000,278.000000,25024245,1100000000036868,2022-04-05T09:07:04
GSPL,INE246F01010,2022-04-05,NSE,EQ,EQ,buy,false,182.000000,275.450000,25507076,1100000000367396,2022-04-05T09:22:37
GSPL,INE246F01010,2022-04-05,NSE,EQ,EQ,buy,false,51.000000,275.450000,25514423,1100000000367396,2022-04-05T09:22:46
ADANIPORTS,INE742F01042,2022-04-05,NSE,EQ,EQ,sell,false,100.000000,840.000000,568601,1000000001983309,2022-04-05T09:29:17
ADANIPORTS,INE742F01042,2022-04-05,NSE,EQ,EQ,buy,false,283.000000,832.000000,780222,1000000000309658,2022-04-05T09:38:28
ADANIPORTS,INE742F01042,2022-04-05,NSE,EQ,EQ,buy,false,100.000000,832.500000,797247,1000000002885442,2022-04-05T09:39:08
GSPL,INE246F01010,2022-04-05,NSE,EQ,EQ,sell,false,17.000000,280.500000,26174388,1100000003827815,2022-04-05T09:41:12
GSPL,INE246F01010,2022-04-05,NSE,EQ,EQ,sell,false,54.000000,280.450000,26174389,1100000003827815,2022-04-05T09:41:12
GSPL,INE246F01010,2022-04-05,NSE,EQ,EQ,sell,false,121.000000,280.400000,26174390,1100000003827815,2022-04-05T09:41:12
GSPL,INE246F01010,2022-04-05,NSE,EQ,EQ,sell,false,158.000000,280.400000,26174391,1100000003827815,2022-04-05T09:41:12
GSPL,INE246F01010,2022-04-05,NSE,EQ,EQ,buy,false,40.000000,281.100000,26225988,1100000003979096,2022-04-05T09:42:59
GSPL,INE246F01010,2022-04-05,NSE,EQ,EQ,buy,false,40.000000,281.100000,26225989,1100000003979096,2022-04-05T09:42:59
GSPL,INE246F01010,2022-04-05,NSE,EQ,EQ,buy,false,1.000000,281.100000,26225992,1100000003979096,2022-04-05T09:42:59
GSPL,INE246F01010,2022-04-05,NSE,EQ,EQ,buy,false,326.000000,281.100000,26226575,1100000003979096,2022-04-05T09:43:00
GSPL,INE246F01010,2022-04-05,NSE,EQ,EQ,buy,false,80.000000,281.100000,26226576,1100000003979096,2022-04-05T09:43:00
GSPL,INE246F01010,2022-04-05,NSE,EQ,EQ,buy,false,303.000000,281.100000,26226579,1100000003979096,2022-04-05T09:43:00
GSPL,INE246F01010,2022-04-05,NSE,EQ,EQ,buy,false,80.000000,281.100000,26226580,1100000003979096,2022-04-05T09:43:00
GSPL,INE246F01010,2022-04-05,NSE,EQ,EQ,buy,false,89.000000,281.100000,26226581,1100000003979096,2022-04-05T09:43:00
INDIAMART,INE933S01016,2022-04-06,NSE,EQ,EQ,sell,false,47.000000,5069.800000,25018920,1100000000058044,2022-04-06T09:07:26
INDIAMART,INE933S01016,2022-04-06,NSE,EQ,EQ,buy,false,47.000000,5019.600000,25097983,1100000000261373,2022-04-06T09:15:38
TATACOMM,INE151A01013,2022-04-08,NSE,EQ,EQ,sell,false,16.000000,1360.000000,75009799,1300000000071500,2022-04-08T09:07:13
TATACOMM,INE151A01013,2022-04-08,NSE,EQ,EQ,sell,false,9.000000,1360.000000,75009798,1300000000071500,2022-04-08T09:07:13
TATACOMM,INE151A01013,2022-04-08,NSE,EQ,EQ,sell,false,75.000000,1360.000000,75009797,1300000000071500,2022-04-08T09:07:13
TATACOMM,INE151A01013,2022-04-08,NSE,EQ,EQ,sell,false,200.000000,1360.000000,75009767,1300000000067084,2022-04-08T09:07:13
TATACOMM,INE151A01013,2022-04-08,NSE,EQ,EQ,buy,false,8.000000,1344.700000,75149311,1300000000492431,2022-04-08T09:15:45
TATACOMM,INE151A01013,2022-04-08,NSE,EQ,EQ,buy,false,3.000000,1344.700000,75151601,1300000000492431,2022-04-08T09:15:47
TATACOMM,INE151A01013,2022-04-08,NSE,EQ,EQ,buy,false,289.000000,1347.000000,75179030,1300000000492431,2022-04-08T09:16:04
AMBUJACEM,INE079A01024,2022-04-11,NSE,EQ,EQ,sell,false,400.000000,338.450000,7881,1000000000038343,2022-04-11T09:07:32
SYNGENE,INE398R01022,2022-04-11,NSE,EQ,EQ,sell,false,11.000000,654.800000,75025340,1300000000066976,2022-04-11T09:07:32
SYNGENE,INE398R01022,2022-04-11,NSE,EQ,EQ,sell,false,45.000000,654.800000,75025349,1300000000066976,2022-04-11T09:07:32
SYNGENE,INE398R01022,2022-04-11,NSE,EQ,EQ,sell,false,150.000000,654.800000,75025348,1300000000066976,2022-04-11T09:07:32
SYNGENE,INE398R01022,2022-04-11,NSE,EQ,EQ,sell,false,10.000000,654.800000,75025347,1300000000066976,2022-04-11T09:07:32
SYNGENE,INE398R01022,2022-04-11,NSE,EQ,EQ,sell,false,1.000000,654.800000,75025346,1300000000066976,2022-04-11T09:07:32
SYNGENE,INE398R01022,2022-04-11,NSE,EQ,EQ,sell,false,3.000000,654.800000,75025345,1300000000066976,2022-04-11T09:07:32
SYNGENE,INE398R01022,2022-04-11,NSE,EQ,EQ,sell,false,1.000000,654.800000,75025344,1300000000066976,2022-04-11T09:07:32
SYNGENE,INE398R01022,2022-04-11,NSE,EQ,EQ,sell,false,1.000000,654.800000,75025343,1300000000066976,2022-04-11T09:07:32
SYNGENE,INE398R01022,2022-04-11,NSE,EQ,EQ,sell,false,1.000000,654.800000,75025342,1300000000066976,2022-04-11T09:07:32
SYNGENE,INE398R01022,2022-04-11,NSE,EQ,EQ,sell,false,5.000000,654.800000,75025341,1300000000066976,2022-04-11T09:07:32
SYNGENE,INE398R01022,2022-04-11,NSE,EQ,EQ,sell,false,100.000000,654.800000,75025339,1300000000066976,2022-04-11T09:07:32
SYNGENE,INE398R01022,2022-04-11,NSE,EQ,EQ,sell,false,100.000000,654.800000,75025338,1300000000066976,2022-04-11T09:07:32
SYNGENE,INE398R01022,2022-04-11,NSE,EQ,EQ,sell,false,50.000000,654.800000,75025337,1300000000066976,2022-04-11T09:07:32
SYNGENE,INE398R01022,2022-04-11,NSE,EQ,EQ,sell,false,50.000000,654.800000,75025336,1300000000066976,2022-04-11T09:07:32
SYNGENE,INE398R01022,2022-04-11,NSE,EQ,EQ,sell,false,17.000000,654.800000,75025335,1300000000066976,2022-04-11T09:07:32
SYNGENE,INE398R01022,2022-04-11,NSE,EQ,EQ,buy,false,100.000000,675.450000,75592153,1300000001788247,2022-04-11T09:24:11
AMBUJACEM,INE079A01024,2022-04-11,NSE,EQ,EQ,buy,false,400.000000,345.500000,579104,1000000001899535,2022-04-11T09:28:55
SYNGENE,INE398R01022,2022-04-11,NSE,EQ,EQ,buy,false,445.000000,665.000000,81281601,1300000020984871,2022-04-11T15:20:58
OBEROIRLTY,INE093I01010,2022-04-12,NSE,EQ,EQ,sell,false,140.000000,1003.500000,50018613,1200000000085201,2022-04-12T09:07:35
AMBUJACEM,INE079A01024,2022-04-12,NSE,EQ,EQ,sell,false,870.000000,364.250000,27338,1000000000010265,2022-04-12T09:15:00
OBEROIRLTY,INE093I01010,2022-04-12,NSE,EQ,EQ,buy,false,1.000000,993.700000,50320145,1200000000757633,2022-04-12T09:21:45
OBEROIRLTY,INE093I01010,2022-04-12,NSE,EQ,EQ,buy,false,19.000000,990.800000,50345806,1200000001277424,2022-04-12T09:22:33
OBEROIRLTY,INE093I01010,2022-04-12,NSE,EQ,EQ,buy,false,6.000000,991.400000,50345807,1200000001277424,2022-04-12T09:22:33
OBEROIRLTY,INE093I01010,2022-04-12,NSE,EQ,EQ,buy,false,40.000000,991.450000,50345808,1200000001277424,2022-04-12T09:22:33
OBEROIRLTY,INE093I01010,2022-04-12,NSE,EQ,EQ,buy,false,46.000000,991.500000,50345809,1200000001277424,2022-04-12T09:22:33
OBEROIRLTY,INE093I01010,2022-04-12,NSE,EQ,EQ,buy,false,28.000000,991.550000,50345810,1200000001277424,2022-04-12T09:22:33
AMBUJACEM,INE079A01024,2022-04-12,NSE,EQ,EQ,buy,false,828.000000,359.900000,753412,1000000002141677,2022-04-12T09:34:59
AMBUJACEM,INE079A01024,2022-04-12,NSE,EQ,EQ,buy,false,35.000000,359.900000,753206,1000000002141677,2022-04-12T09:34:59
AMBUJACEM,INE079A01024,2022-04-12,NSE,EQ,EQ,buy,false,7.000000,359.900000,753166,1000000002141677,2022-04-12T09:34:59
TORNTPOWER,INE813H01021,2022-04-13,NSE,EQ,EQ,sell,false,39.000000,548.500000,75018303,1300000000034437,2022-04-13T09:07:04
TORNTPOWER,INE813H01021,2022-04-13,NSE,EQ,EQ,sell,false,12.000000,548.500000,75018302,1300000000034437,2022-04-13T09:07:04
TORNTPOWER,INE813H01021,2022-04-13,NSE,EQ,EQ,sell,false,20.000000,548.500000,75018301,1300000000034437,2022-04-13T09:07:04
TORNTPOWER,INE813H01021,2022-04-13,NSE,EQ,EQ,sell,false,9.000000,548.500000,75018300,1300000000034437,2022-04-13T09:07:04
TORNTPOWER,INE813H01021,2022-04-13,NSE,EQ,EQ,sell,false,50.000000,548.500000,75018299,1300000000034437,2022-04-13T09:07:04
TORNTPOWER,INE813H01021,2022-04-13,NSE,EQ,EQ,sell,false,10.000000,548.500000,75018298,1300000000034437,2022-04-13T09:07:04
TORNTPOWER,INE813H01021,2022-04-13,NSE,EQ,EQ,sell,false,145.000000,548.500000,75018297,1300000000034437,2022-04-13T09:07:04
TORNTPOWER,INE813H01021,2022-04-13,NSE,EQ,EQ,buy,false,180.000000,560.300000,76552232,1300000004537007,2022-04-13T10:18:27
TORNTPOWER,INE813H01021,2022-04-13,NSE,EQ,EQ,buy,false,11.000000,560.300000,76561647,1300000004537007,2022-04-13T10:19:07
TORNTPOWER,INE813H01021,2022-04-13,NSE,EQ,EQ,buy,false,94.000000,560.300000,76561575,1300000004537007,2022-04-13T10:19:07
PIDILITIND,INE318A01026,2022-04-13,NSE,EQ,EQ,sell,false,1.000000,2369.000000,53002430,1200000013465595,2022-04-13T12:53:44
PIDILITIND,INE318A01026,2022-04-13,NSE,EQ,EQ,sell,false,12.000000,2369.000000,53002633,1200000013465595,2022-04-13T12:53:45
PIDILITIND,INE318A01026,2022-04-13,NSE,EQ,EQ,sell,false,3.000000,2369.000000,53002914,1200000013465595,2022-04-13T12:53:48
PIDILITIND,INE318A01026,2022-04-13,NSE,EQ,EQ,sell,false,1.000000,2369.000000,53004697,1200000013465595,2022-04-13T12:54:01
PIDILITIND,INE318A01026,2022-04-13,NSE,EQ,EQ,sell,false,33.000000,2369.000000,53004783,1200000013465595,2022-04-13T12:54:01
PIDILITIND,INE318A01026,2022-04-13,NSE,EQ,EQ,buy,false,50.000000,2368.350000,54409144,1200000013551699,2022-04-13T15:10:39
CHAMBLFERT,INE085A01013,2022-04-18,NSE,EQ,EQ,sell,false,600.000000,475.000000,7320,1000000000037227,2022-04-18T09:07:03
CHAMBLFERT,INE085A01013,2022-04-18,NSE,EQ,EQ,sell,false,50.000000,475.650000,347044,1000000001023438,2022-04-18T09:20:43
CHAMBLFERT,INE085A01013,2022-04-18,NSE,EQ,EQ,sell,false,350.000000,475.650000,347618,1000000001023438,2022-04-18T09:20:44
CHAMBLFERT,INE085A01013,2022-04-18,NSE,EQ,EQ,buy,false,10.000000,480.000000,1831244,1000000001964275,2022-04-18T10:42:06
CHAMBLFERT,INE085A01013,2022-04-18,NSE,EQ,EQ,buy,false,23.000000,480.000000,1831245,1000000001964275,2022-04-18T10:42:06
CHAMBLFERT,INE085A01013,2022-04-18,NSE,EQ,EQ,buy,false,942.000000,480.000000,1831242,1000000001964275,2022-04-18T10:42:06
CHAMBLFERT,INE085A01013,2022-04-18,NSE,EQ,EQ,buy,false,25.000000,480.000000,1831243,1000000001964275,2022-04-18T10:42:06
TORNTPOWER,INE813H01021,2022-04-19,NSE,EQ,EQ,sell,false,25.000000,571.200000,75021837,1300000000068553,2022-04-19T09:07:32
TORNTPOWER,INE813H01021,2022-04-19,NSE,EQ,EQ,sell,false,133.000000,571.200000,75021840,1300000000068553,2022-04-19T09:07:32
TORNTPOWER,INE813H01021,2022-04-19,NSE,EQ,EQ,sell,false,1.000000,571.200000,75021839,1300000000068553,2022-04-19T09:07:32
TORNTPOWER,INE813H01021,2022-04-19,NSE,EQ,EQ,sell,false,1.000000,571.200000,75021838,1300000000068553,2022-04-19T09:07:32
TORNTPOWER,INE813H01021,2022-04-19,NSE,EQ,EQ,sell,false,10.000000,571.200000,75021836,1300000000068553,2022-04-19T09:07:32
TORNTPOWER,INE813H01021,2022-04-19,NSE,EQ,EQ,sell,false,20.000000,571.200000,75021835,1300000000068553,2022-04-19T09:07:32
TORNTPOWER,INE813H01021,2022-04-19,NSE,EQ,EQ,sell,false,2.000000,571.200000,75021834,1300000000068553,2022-04-19T09:07:32
TORNTPOWER,INE813H01021,2022-04-19,NSE,EQ,EQ,sell,false,70.000000,571.200000,75021833,1300000000068553,2022-04-19T09:07:32
TORNTPOWER,INE813H01021,2022-04-19,NSE,EQ,EQ,sell,false,2.000000,571.200000,75021832,1300000000068553,2022-04-19T09:07:32
TORNTPOWER,INE813H01021,2022-04-19,NSE,EQ,EQ,sell,false,1.000000,571.200000,75021831,1300000000068553,2022-04-19T09:07:32
TORNTPOWER,INE813H01021,2022-04-19,NSE,EQ,EQ,sell,false,5.000000,571.200000,75021830,1300000000068553,2022-04-19T09:07:32
TORNTPOWER,INE813H01021,2022-04-19,NSE,EQ,EQ,sell,false,1.000000,571.200000,75021829,1300000000068553,2022-04-19T09:07:32
TORNTPOWER,INE813H01021,2022-04-19,NSE,EQ,EQ,sell,false,5.000000,571.200000,75021828,1300000000068553,2022-04-19T09:07:32
TORNTPOWER,INE813H01021,2022-04-19,NSE,EQ,EQ,sell,false,5.000000,571.200000,75021827,1300000000068553,2022-04-19T09:07:32
TORNTPOWER,INE813H01021,2022-04-19,NSE,EQ,EQ,sell,false,1.000000,571.200000,75021826,1300000000068553,2022-04-19T09:07:32
TORNTPOWER,INE813H01021,2022-04-19,NSE,EQ,EQ,sell,false,51.000000,571.200000,75021825,1300000000068553,2022-04-19T09:07:32
TORNTPOWER,INE813H01021,2022-04-19,NSE,EQ,EQ,sell,false,10.000000,571.200000,75021824,1300000000068553,2022-04-19T09:07:32
TORNTPOWER,INE813H01021,2022-04-19,NSE,EQ,EQ,sell,false,175.000000,571.200000,75021823,1300000000068553,2022-04-19T09:07:32
TORNTPOWER,INE813H01021,2022-04-19,NSE,EQ,EQ,sell,false,1.000000,571.200000,75021822,1300000000068553,2022-04-19T09:07:32
TORNTPOWER,INE813H01021,2022-04-19,NSE,EQ,EQ,sell,false,181.000000,571.200000,75021821,1300000000068553,2022-04-19T09:07:32
TORNTPOWER,INE813H01021,2022-04-19,NSE,EQ,EQ,sell,false,50.000000,571.250000,75105353,1300000000371934,2022-04-19T09:15:48
TORNTPOWER,INE813H01021,2022-04-19,NSE,EQ,EQ,buy,false,10.000000,567.100000,75398570,1300000000316577,2022-04-19T09:21:12
TORNTPOWER,INE813H01021,2022-04-19,NSE,EQ,EQ,buy,false,286.000000,567.000000,75955920,1300000000316577,2022-04-19T09:36:58
TORNTPOWER,INE813H01021,2022-04-19,NSE,EQ,EQ,buy,false,39.000000,567.000000,75955919,1300000000316577,2022-04-19T09:36:58
TORNTPOWER,INE813H01021,2022-04-19,NSE,EQ,EQ,buy,false,17.000000,566.950000,75955912,1300000000316577,2022-04-19T09:36:58
TORNTPOWER,INE813H01021,2022-04-19,NSE,EQ,EQ,buy,false,100.000000,566.900000,75955911,1300000000316577,2022-04-19T09:36:58
TORNTPOWER,INE813H01021,2022-04-19,NSE,EQ,EQ,buy,false,50.000000,566.900000,75955910,1300000000316577,2022-04-19T09:36:58
TORNTPOWER,INE813H01021,2022-04-19,NSE,EQ,EQ,buy,false,198.000000,566.800000,75955909,1300000000316577,2022-04-19T09:36:58
TORNTPOWER,INE813H01021,2022-04-19,NSE,EQ,EQ,buy,false,50.000000,566.400000,75965253,1300000003214928,2022-04-19T09:37:15
HINDCOPPER,INE531E01026,2022-04-20,NSE,EQ,EQ,sell,false,2500.000000,125.500000,25020901,1100000000062282,2022-04-20T09:07:08
HINDCOPPER,INE531E01026,2022-04-20,NSE,EQ,EQ,sell,false,150.000000,125.700000,25273670,1100000000998191,2022-04-20T09:19:16
HINDCOPPER,INE531E01026,2022-04-20,NSE,EQ,EQ,sell,false,15.000000,125.700000,25273611,1100000000998191,2022-04-20T09:19:16
HINDCOPPER,INE531E01026,2022-04-20,NSE,EQ,EQ,sell,false,300.000000,125.700000,25274621,1100000000998191,2022-04-20T09:19:17
HINDCOPPER,INE531E01026,2022-04-20,NSE,EQ,EQ,sell,false,50.000000,125.700000,25274383,1100000000998191,2022-04-20T09:19:17
HINDCOPPER,INE531E01026,2022-04-20,NSE,EQ,EQ,sell,false,20.000000,125.700000,25274254,1100000000998191,2022-04-20T09:19:17
HINDCOPPER,INE531E01026,2022-04-20,NSE,EQ,EQ,sell,false,1.000000,125.700000,25274848,1100000000998191,2022-04-20T09:19:18
HINDCOPPER,INE531E01026,2022-04-20,NSE,EQ,EQ,sell,false,200.000000,125.700000,25275728,1100000000998191,2022-04-20T09:19:19
HINDCOPPER,INE531E01026,2022-04-20,NSE,EQ,EQ,sell,false,64.000000,125.700000,25275862,1100000000998191,2022-04-20T09:19:19
HINDCOPPER,INE531E01026,2022-04-20,NSE,EQ,EQ,buy,false,160.000000,124.550000,25892170,1100000001339815,2022-04-20T09:42:58
HINDCOPPER,INE531E01026,2022-04-20,NSE,EQ,EQ,buy,false,100.000000,124.550000,25892171,1100000001339815,2022-04-20T09:42:58
HINDCOPPER,INE531E01026,2022-04-20,NSE,EQ,EQ,buy,false,2.000000,124.550000,25892169,1100000001339815,2022-04-20T09:42:58
HINDCOPPER,INE531E01026,2022-04-20,NSE,EQ,EQ,buy,false,1721.000000,124.550000,25892172,1100000001339815,2022-04-20T09:42:58
HINDCOPPER,INE531E01026,2022-04-20,NSE,EQ,EQ,buy,false,1317.000000,124.550000,25892168,1100000001339815,2022-04-20T09:42:58
EICHERMOT,INE066A01021,2022-04-21,NSE,EQ,EQ,sell,false,75.000000,2557.900000,25489735,1100000001876457,2022-04-21T09:29:11
EICHERMOT,INE066A01021,2022-04-21,NSE,EQ,EQ,sell,false,23.000000,2558.000000,25571847,1100000002208566,2022-04-21T09:32:36
EICHERMOT,INE066A01021,2022-04-21,NSE,EQ,EQ,sell,false,25.000000,2558.000000,25572554,1100000002208566,2022-04-21T09:32:38
EICHERMOT,INE066A01021,2022-04-21,NSE,EQ,EQ,sell,false,2.000000,2558.000000,25573477,1100000002208566,2022-04-21T09:32:41
EICHERMOT,INE066A01021,2022-04-21,NSE,EQ,EQ,buy,false,36.000000,2565.500000,26953210,1100000004606104,2022-04-21T11:06:30
EICHERMOT,INE066A01021,2022-04-21,NSE,EQ,EQ,buy,false,89.000000,2565.500000,26953211,1100000004606104,2022-04-21T11:06:30
POLYCAB,INE455K01017,2022-04-22,NSE,EQ,EQ,sell,false,60.000000,2758.800000,50007588,1200000000016357,2022-04-22T09:07:55
POLYCAB,INE455K01017,2022-04-22,NSE,EQ,EQ,buy,false,60.000000,2715.000000,53405671,1200000014170727,2022-04-22T13:43:17
COLPAL,INE259A01022,2022-04-25,NSE,EQ,EQ,sell,false,80.000000,1602.400000,181858,1000000000042100,2022-04-25T09:16:41
COLPAL,INE259A01022,2022-04-25,NSE,EQ,EQ,sell,false,40.000000,1597.000000,370844,1000000001123037,2022-04-25T09:20:32
COLPAL,INE259A01022,2022-04-25,NSE,EQ,EQ,sell,false,2.000000,1607.500000,677894,1000000002262103,2022-04-25T09:30:17
COLPAL,INE259A01022,2022-04-25,NSE,EQ,EQ,sell,false,1.000000,1607.850000,677893,1000000002262103,2022-04-25T09:30:17
COLPAL,INE259A01022,2022-04-25,NSE,EQ,EQ,sell,false,1.000000,1607.850000,677892,1000000002262103,2022-04-25T09:30:17
COLPAL,INE259A01022,2022-04-25,NSE,EQ,EQ,sell,false,2.000000,1607.500000,679007,1000000002262103,2022-04-25T09:30:19
COLPAL,INE259A01022,2022-04-25,NSE,EQ,EQ,sell,false,1.000000,1607.500000,680328,1000000002262103,2022-04-25T09:30:22
COLPAL,INE259A01022,2022-04-25,NSE,EQ,EQ,sell,false,43.000000,1607.500000,681283,1000000002262103,2022-04-25T09:30:23
COLPAL,INE259A01022,2022-04-25,NSE,EQ,EQ,sell,false,40.000000,1607.500000,3053963,1000000013003270,2022-04-25T12:34:53
COLPAL,INE259A01022,2022-04-25,NSE,EQ,EQ,buy,false,170.000000,1616.450000,3415698,1000000002557435,2022-04-25T13:16:35
COLPAL,INE259A01022,2022-04-25,NSE,EQ,EQ,buy,false,17.000000,1616.600000,3418493,1000000015029772,2022-04-25T13:16:56
COLPAL,INE259A01022,2022-04-25,NSE,EQ,EQ,buy,false,14.000000,1616.600000,3418492,1000000015029772,2022-04-25T13:16:56
COLPAL,INE259A01022,2022-04-25,NSE,EQ,EQ,buy,false,9.000000,1616.650000,3418494,1000000015029772,2022-04-25T13:16:56
INDIAMART,INE933S01016,2022-04-26,NSE,EQ,EQ,sell,false,9.000000,4975.000000,26169397,1100000004216646,2022-04-26T10:02:10
INDIAMART,INE933S01016,2022-04-26,NSE,EQ,EQ,sell,false,1.000000,4975.000000,26171028,1100000004216646,2022-04-26T10:02:16
INDIAMART,INE933S01016,2022-04-26,NSE,EQ,EQ,sell,false,6.000000,4975.000000,26171186,1100000004216646,2022-04-26T10:02:17
INDIAMART,INE933S01016,2022-04-26,NSE,EQ,EQ,buy,false,16.000000,4950.000000,26217166,1100000004385698,2022-04-26T10:05:39
INDIAMART,INE933S01016,2022-04-26,NSE,EQ,EQ,sell,false,3.000000,4963.950000,26266392,1100000004556574,2022-04-26T10:08:57
INDIAMART,INE933S01016,2022-04-26,NSE,EQ,EQ,sell,false,4.000000,4963.950000,26266851,1100000004556574,2022-04-26T10:08:59
INDIAMART,INE933S01016,2022-04-26,NSE,EQ,EQ,sell,false,3.000000,4963.950000,26266855,1100000004556574,2022-04-26T10:08:59
INDIAMART,INE933S01016,2022-04-26,NSE,EQ,EQ,buy,false,1.000000,5002.400000,29550548,1100000004625100,2022-04-26T14:57:07
INDIAMART,INE933S01016,2022-04-26,NSE,EQ,EQ,buy,false,1.000000,5002.400000,29550549,1100000004625100,2022-04-26T14:57:07
INDIAMART,INE933S01016,2022-04-26,NSE,EQ,EQ,buy,false,8.000000,5002.400000,29550550,1100000004625100,2022-04-26T14:57:07
INDIAMART,INE933S01016,2022-04-27,NSE,EQ,EQ,sell,false,5.000000,5027.000000,25236337,1100000000927232,2022-04-27T09:19:35
INDIAMART,INE933S01016,2022-04-27,NSE,EQ,EQ,sell,false,55.000000,5027.000000,25236544,1100000000927232,2022-04-27T09:19:35
INDIAMART,INE933S01016,2022-04-27,NSE,EQ,EQ,buy,false,60.000000,5008.100000,25666213,1100000002637123,2022-04-27T09:34:56
LALPATHLAB,INE600L01024,2022-04-28,NSE,EQ,EQ,sell,false,60.000000,2809.000000,50072367,1200000000014408,2022-04-28T09:15:46
LALPATHLAB,INE600L01024,2022-04-28,NSE,EQ,EQ,buy,false,60.000000,2775.000000,50241940,1200000000873409,2022-04-28T09:19:47
MFSL,INE180A01020,2022-04-29,NSE,EQ,EQ,sell,false,3.000000,766.350000,50000652,1200000000034305,2022-04-29T09:07:14
MFSL,INE180A01020,2022-04-29,NSE,EQ,EQ,sell,false,5.000000,766.350000,50000653,1200000000034305,2022-04-29T09:07:14
MFSL,INE180A01020,2022-04-29,NSE,EQ,EQ,sell,false,84.000000,766.350000,50000649,1200000000034305,2022-04-29T09:07:14
MFSL,INE180A01020,2022-04-29,NSE,EQ,EQ,sell,false,1.000000,766.350000,50000650,1200000000034305,2022-04-29T09:07:14
MFSL,INE180A01020,2022-04-29,NSE,EQ,EQ,sell,false,20.000000,766.350000,50000651,1200000000034305,2022-04-29T09:07:14
NTPC,INE733E01010,2022-04-29,NSE,EQ,EQ,sell,false,17.000000,160.400000,50007306,1200000000034281,2022-04-29T09:07:14
NTPC,INE733E01010,2022-04-29,NSE,EQ,EQ,sell,false,15.000000,160.400000,50007303,1200000000034281,2022-04-29T09:07:14
NTPC,INE733E01010,2022-04-29,NSE,EQ,EQ,sell,false,100.000000,160.400000,50007307,1200000000034281,2022-04-29T09:07:14
NTPC,INE733E01010,2022-04-29,NSE,EQ,EQ,sell,false,314.000000,160.400000,50007302,1200000000034281,2022-04-29T09:07:14
NTPC,INE733E01010,2022-04-29,NSE,EQ,EQ,sell,false,25.000000,160.400000,50007308,1200000000034281,2022-04-29T09:07:14
NTPC,INE733E01010,2022-04-29,NSE,EQ,EQ,sell,false,100.000000,160.400000,50007309,1200000000034281,2022-04-29T09:07:14
NTPC,INE733E01010,2022-04-29,NSE,EQ,EQ,sell,false,100.000000,160.400000,50007310,1200000000034281,2022-04-29T09:07:14
NTPC,INE733E01010,2022-04-29,NSE,EQ,EQ,sell,false,504.000000,160.400000,50007311,1200000000034281,2022-04-29T09:07:14
NTPC,INE733E01010,2022-04-29,NSE,EQ,EQ,sell,false,25.000000,160.400000,50007305,1200000000034281,2022-04-29T09:07:14
NTPC,INE733E01010,2022-04-29,NSE,EQ,EQ,sell,false,100.000000,160.400000,50007304,1200000000034281,2022-04-29T09:07:14
MFSL,INE180A01020,2022-04-29,NSE,EQ,EQ,sell,false,12.000000,766.350000,50015399,1200000000034305,2022-04-29T09:15:00
MFSL,INE180A01020,2022-04-29,NSE,EQ,EQ,sell,false,1.000000,766.350000,50015803,1200000000034305,2022-04-29T09:15:01
MFSL,INE180A01020,2022-04-29,NSE,EQ,EQ,sell,false,224.000000,766.350000,50025578,1200000000034305,2022-04-29T09:15:08
MFSL,INE180A01020,2022-04-29,NSE,EQ,EQ,buy,false,100.000000,772.150000,51256316,1200000001135990,2022-04-29T10:22:16
MFSL,INE180A01020,2022-04-29,NSE,EQ,EQ,buy,false,250.000000,775.900000,51321789,1200000001135990,2022-04-29T10:27:45
TATAMOTORS,INE155A01022,2022-04-29,BSE,EQ,A,sell,false,40.000000,439.300000,5136200,1651203000046975856,2022-04-29T10:33:00
NTPC,INE733E01010,2022-04-29,NSE,EQ,EQ,buy,false,1300.000000,155.950000,54442245,1200000019823548,2022-04-29T15:20:52
WIPRO,INE075A01022,2022-05-02,NSE,EQ,EQ,buy,false,1.000000,493.950000,80088893,1300000019521541,2022-05-02T14:36:29
WIPRO,INE075A01022,2022-05-02,NSE,EQ,EQ,buy,false,42.000000,493.950000,80088892,1300000019521541,2022-05-02T14:36:29
WIPRO,INE075A01022,2022-05-02,NSE,EQ,EQ,buy,false,100.000000,493.950000,80089449,1300000019521541,2022-05-02T14:36:32
WIPRO,INE075A01022,2022-05-02,NSE,EQ,EQ,buy,false,42.000000,493.950000,80089733,1300000019521541,2022-05-02T14:36:34
WIPRO,INE075A01022,2022-05-02,NSE,EQ,EQ,buy,false,15.000000,493.950000,80089848,1300000019521541,2022-05-02T14:36:35
WIPRO,INE075A01022,2022-05-02,NSE,EQ,EQ,buy,false,25.000000,493.950000,80090942,1300000019521541,2022-05-02T14:36:41
WIPRO,INE075A01022,2022-05-02,NSE,EQ,EQ,buy,false,5.000000,493.950000,80091028,1300000019521541,2022-05-02T14:36:41
WIPRO,INE075A01022,2022-05-02,NSE,EQ,EQ,buy,false,1.000000,493.950000,80091097,1300000019521541,2022-05-02T14:36:42
WIPRO,INE075A01022,2022-05-02,NSE,EQ,EQ,buy,false,2.000000,493.950000,80091214,1300000019521541,2022-05-02T14:36:42
WIPRO,INE075A01022,2022-05-02,NSE,EQ,EQ,buy,false,37.000000,493.950000,80092225,1300000019521541,2022-05-02T14:36:47
WIPRO,INE075A01022,2022-05-02,NSE,EQ,EQ,sell,false,270.000000,494.900000,80760654,1300000019575728,2022-05-02T15:18:05
PIDILITIND,INE318A01026,2022-05-04,NSE,EQ,EQ,buy,false,24.000000,2413.000000,50003515,1200000000033635,2022-05-04T09:07:04
PIDILITIND,INE318A01026,2022-05-04,NSE,EQ,EQ,buy,false,12.000000,2413.000000,50003514,1200000000033635,2022-05-04T09:07:04
PIDILITIND,INE318A01026,2022-05-04,NSE,EQ,EQ,buy,false,9.000000,2413.000000,50003513,1200000000033635,2022-05-04T09:07:04
PIDILITIND,INE318A01026,2022-05-04,NSE,EQ,EQ,sell,false,16.000000,2395.050000,50115103,1200000000393070,2022-05-04T09:16:24
PIDILITIND,INE318A01026,2022-05-04,NSE,EQ,EQ,sell,false,16.000000,2395.300000,50115102,1200000000393070,2022-05-04T09:16:24
PIDILITIND,INE318A01026,2022-05-04,NSE,EQ,EQ,sell,false,13.000000,2395.800000,50115101,1200000000393070,2022-05-04T09:16:24
SRF,INE647A01010,2022-05-04,NSE,EQ,EQ,buy,false,50.000000,2504.800000,75192405,1300000000057845,2022-05-04T09:16:33
SRF,INE647A01010,2022-05-04,NSE,EQ,EQ,sell,false,50.000000,2500.000000,75354782,1300000001044639,2022-05-04T09:19:28
IPCALAB,INE571A01038,2022-05-04,NSE,EQ,EQ,sell,false,100.000000,1024.400000,25372863,1100000001423763,2022-05-04T09:23:49
IPCALAB,INE571A01038,2022-05-04,NSE,EQ,EQ,buy,false,70.000000,1028.300000,25474481,1100000001469231,2022-05-04T09:27:49
IPCALAB,INE571A01038,2022-05-04,NSE,EQ,EQ,buy,false,30.000000,1028.300000,25474470,1100000001469231,2022-05-04T09:27:49
PETRONET,INE347G01014,2022-05-05,NSE,EQ,EQ,sell,false,37.000000,216.750000,50335890,1200000001459815,2022-05-05T09:25:21
PETRONET,INE347G01014,2022-05-05,NSE,EQ,EQ,sell,false,37.000000,216.750000,50335888,1200000001459815,2022-05-05T09:25:21
PETRONET,INE347G01014,2022-05-05,NSE,EQ,EQ,sell,false,7.000000,216.750000,50335884,1200000001459815,2022-05-05T09:25:21
PETRONET,INE347G01014,2022-05-05,NSE,EQ,EQ,sell,false,5.000000,216.750000,50335885,1200000001459815,2022-05-05T09:25:21
PETRONET,INE347G01014,2022-05-05,NSE,EQ,EQ,sell,false,5.000000,216.750000,50335889,1200000001459815,2022-05-05T09:25:21
PETRONET,INE347G01014,2022-05-05,NSE,EQ,EQ,sell,false,37.000000,216.750000,50335886,1200000001459815,2022-05-05T09:25:21
PETRONET,INE347G01014,2022-05-05,NSE,EQ,EQ,sell,false,5.000000,216.750000,50335887,1200000001459815,2022-05-05T09:25:21
PETRONET,INE347G01014,2022-05-05,NSE,EQ,EQ,sell,false,159.000000,216.750000,50335916,1200000001459815,2022-05-05T09:25:21
PETRONET,INE347G01014,2022-05-05,NSE,EQ,EQ,sell,false,5.000000,216.750000,50335895,1200000001459815,2022-05-05T09:25:21
PETRONET,INE347G01014,2022-05-05,NSE,EQ,EQ,sell,false,33.000000,216.750000,50335894,1200000001459815,2022-05-05T09:25:21
PETRONET,INE347G01014,2022-05-05,NSE,EQ,EQ,sell,false,5.000000,216.750000,50335893,1200000001459815,2022-05-05T09:25:21
PETRONET,INE347G01014,2022-05-05,NSE,EQ,EQ,sell,false,37.000000,216.750000,50335892,1200000001459815,2022-05-05T09:25:21
PETRONET,INE347G01014,2022-05-05,NSE,EQ,EQ,sell,false,5.000000,216.750000,50335891,1200000001459815,2022-05-05T09:25:21
PETRONET,INE347G01014,2022-05-05,NSE,EQ,EQ,sell,false,458.000000,216.750000,50336020,1200000001459815,2022-05-05T09:25:22
PETRONET,INE347G01014,2022-05-05,NSE,EQ,EQ,sell,false,165.000000,216.750000,50336019,1200000001459815,2022-05-05T09:25:22
PETRONET,INE347G01014,2022-05-05,NSE,EQ,EQ,buy,false,550.000000,218.900000,51322032,1200000001532163,2022-05-05T10:46:03
PETRONET,INE347G01014,2022-05-05,NSE,EQ,EQ,buy,false,50.000000,218.900000,51322031,1200000001532163,2022-05-05T10:46:03
PETRONET,INE347G01014,2022-05-05,NSE,EQ,EQ,buy,false,30.000000,218.900000,51322041,1200000001532163,2022-05-05T10:46:03
PETRONET,INE347G01014,2022-05-05,NSE,EQ,EQ,buy,false,50.000000,218.900000,51322040,1200000001532163,2022-05-05T10:46:03
PETRONET,INE347G01014,2022-05-05,NSE,EQ,EQ,buy,false,1.000000,218.900000,51322039,1200000001532163,2022-05-05T10:46:03
PETRONET,INE347G01014,2022-05-05,NSE,EQ,EQ,buy,false,10.000000,218.900000,51322038,1200000001532163,2022-05-05T10:46:03
PETRONET,INE347G01014,2022-05-05,NSE,EQ,EQ,buy,false,100.000000,218.900000,51322037,1200000001532163,2022-05-05T10:46:03
PETRONET,INE347G01014,2022-05-05,NSE,EQ,EQ,buy,false,100.000000,218.900000,51322036,1200000001532163,2022-05-05T10:46:03
PETRONET,INE347G01014,2022-05-05,NSE,EQ,EQ,buy,false,22.000000,218.900000,51322035,1200000001532163,2022-05-05T10:46:03
PETRONET,INE347G01014,2022-05-05,NSE,EQ,EQ,buy,false,84.000000,218.900000,51322034,1200000001532163,2022-05-05T10:46:03
PETRONET,INE347G01014,2022-05-05,NSE,EQ,EQ,buy,false,3.000000,218.900000,51322033,1200000001532163,2022-05-05T10:46:03
ABB,INE117A01022,2022-05-10,NSE,EQ,EQ,sell,false,15.000000,2306.000000,57431,1000000000035391,2022-05-10T09:15:34
ABB,INE117A01022,2022-05-10,NSE,EQ,EQ,sell,false,24.000000,2306.000000,57428,1000000000035391,2022-05-10T09:15:34
ABB,INE117A01022,2022-05-10,NSE,EQ,EQ,sell,false,1.000000,2306.000000,57430,1000000000035391,2022-05-10T09:15:34
ABB,INE117A01022,2022-05-10,NSE,EQ,EQ,sell,false,10.000000,2306.000000,57429,1000000000035391,2022-05-10T09:15:34
ABB,INE117A01022,2022-05-10,NSE,EQ,EQ,sell,false,38.000000,2306.000000,57576,1000000000035391,2022-05-10T09:15:35
ABB,INE117A01022,2022-05-10,NSE,EQ,EQ,buy,false,84.000000,2224.700000,208695,1000000000757209,2022-05-10T09:18:51
ABB,INE117A01022,2022-05-10,NSE,EQ,EQ,buy,false,4.000000,2224.650000,208694,1000000000757209,2022-05-10T09:18:51
GNFC,INE113A01013,2022-05-11,NSE,EQ,EQ,sell,false,190.000000,838.000000,25002255,1100000000025602,2022-05-11T09:07:45
GNFC,INE113A01013,2022-05-11,NSE,EQ,EQ,buy,false,36.000000,737.000000,28251956,1100000013721563,2022-05-11T12:06:15
GNFC,INE113A01013,2022-05-11,NSE,EQ,EQ,buy,false,154.000000,737.000000,28252796,1100000013721563,2022-05-11T12:06:18
COROMANDEL,INE169A01031,2022-05-12,NSE,EQ,EQ,sell,false,177.000000,901.250000,3698,1000000000039154,2022-05-12T09:07:36
COROMANDEL,INE169A01031,2022-05-12,NSE,EQ,EQ,sell,false,2.000000,901.250000,3699,1000000000039154,2022-05-12T09:07:36
COROMANDEL,INE169A01031,2022-05-12,NSE,EQ,EQ,sell,false,201.000000,901.250000,3700,1000000000039154,2022-05-12T09:07:36
COROMANDEL,INE169A01031,2022-05-12,NSE,EQ,EQ,buy,false,5.000000,883.500000,1199743,1000000005540213,2022-05-12T10:08:45
COROMANDEL,INE169A01031,2022-05-12,NSE,EQ,EQ,buy,false,375.000000,883.500000,1199742,1000000005540213,2022-05-12T10:08:45
SUNPHARMA,INE044A01036,2022-05-16,NSE,EQ,EQ,sell,false,230.000000,882.500000,75245908,1300000000052732,2022-05-16T09:18:35
SUNPHARMA,INE044A01036,2022-05-16,NSE,EQ,EQ,buy,false,30.000000,891.800000,75858384,1300000003007156,2022-05-16T09:41:56
SUNPHARMA,INE044A01036,2022-05-16,NSE,EQ,EQ,buy,false,5.000000,891.750000,75858377,1300000003007156,2022-05-16T09:41:56
SUNPHARMA,INE044A01036,2022-05-16,NSE,EQ,EQ,buy,false,149.000000,891.800000,75858383,1300000003007156,2022-05-16T09:41:56
SUNPHARMA,INE044A01036,2022-05-16,NSE,EQ,EQ,buy,false,46.000000,891.800000,75858385,1300000003007156,2022-05-16T09:41:56
SUNPHARMA,INE044A01036,2022-05-16,NSE,EQ,EQ,sell,false,37.000000,887.500000,75973530,1300000003804253,2022-05-16T09:47:49
SUNPHARMA,INE044A01036,2022-05-16,NSE,EQ,EQ,sell,false,63.000000,887.450000,75973531,1300000003804253,2022-05-16T09:47:49
SUNPHARMA,INE044A01036,2022-05-16,NSE,EQ,EQ,buy,false,10.000000,893.800000,76489509,1300000003887774,2022-05-16T10:21:58
SUNPHARMA,INE044A01036,2022-05-16,NSE,EQ,EQ,buy,false,90.000000,893.800000,76489508,1300000003887774,2022-05-16T10:21:58
HONAUT,INE671A01010,2022-05-17,NSE,EQ,EQ,sell,false,1.000000,32500.000000,25007401,1100000000038000,2022-05-17T09:07:30
HONAUT,INE671A01010,2022-05-17,NSE,EQ,EQ,sell,false,1.000000,32500.000000,25007402,1100000000038000,2022-05-17T09:07:30
HONAUT,INE671A01010,2022-05-17,NSE,EQ,EQ,sell,false,1.000000,32500.000000,25007403,1100000000038000,2022-05-17T09:07:30
HONAUT,INE671A01010,2022-05-17,NSE,EQ,EQ,sell,false,1.000000,32500.000000,25007404,1100000000038000,2022-05-17T09:07:30
HONAUT,INE671A01010,2022-05-17,NSE,EQ,EQ,sell,false,6.000000,32500.000000,25007405,1100000000038000,2022-05-17T09:07:30
OFSS,INE881D01027,2022-05-17,NSE,EQ,EQ,buy,false,18.000000,3160.500000,50367788,1200000000043893,2022-05-17T09:29:26
OFSS,INE881D01027,2022-05-17,NSE,EQ,EQ,buy,false,12.000000,3160.500000,50367675,1200000000043893,2022-05-17T09:29:26
OFSS,INE881D01027,2022-05-17,NSE,EQ,EQ,sell,false,30.000000,3148.300000,50480304,1200000001964147,2022-05-17T09:36:27
HONAUT,INE671A01010,2022-05-17,NSE,EQ,EQ,buy,false,1.000000,32211.000000,27680101,1100000002545064,2022-05-17T12:16:37
HONAUT,INE671A01010,2022-05-17,NSE,EQ,EQ,buy,false,9.000000,32155.000000,28260887,1100000010496731,2022-05-17T13:12:51
COROMANDEL,INE169A01031,2022-05-18,NSE,EQ,EQ,sell,false,100.000000,953.000000,216013,1000000000785351,2022-05-18T09:19:29
COROMANDEL,INE169A01031,2022-05-18,NSE,EQ,EQ,buy,false,200.000000,953.000000,245994,1000000000902735,2022-05-18T09:20:27
COROMANDEL,INE169A01031,2022-05-18,NSE,EQ,EQ,sell,false,29.000000,952.350000,255898,1000000000943726,2022-05-18T09:20:46
COROMANDEL,INE169A01031,2022-05-18,NSE,EQ,EQ,sell,false,3.000000,952.250000,255900,1000000000943726,2022-05-18T09:20:46
COROMANDEL,INE169A01031,2022-05-18,NSE,EQ,EQ,sell,false,10.000000,952.300000,255899,1000000000943726,2022-05-18T09:20:46
COROMANDEL,INE169A01031,2022-05-18,NSE,EQ,EQ,sell,false,10.000000,952.200000,255901,1000000000943726,2022-05-18T09:20:46
COROMANDEL,INE169A01031,2022-05-18,NSE,EQ,EQ,sell,false,150.000000,951.100000,266233,1000000000943726,2022-05-18T09:21:06
COROMANDEL,INE169A01031,2022-05-18,NSE,EQ,EQ,sell,false,25.000000,951.100000,266199,1000000000943726,2022-05-18T09:21:06
COROMANDEL,INE169A01031,2022-05-18,NSE,EQ,EQ,sell,false,123.000000,951.100000,266701,1000000000943726,2022-05-18T09:21:07
COROMANDEL,INE169A01031,2022-05-18,NSE,EQ,EQ,buy,false,2.000000,939.000000,1012664,1000000002046793,2022-05-18T10:01:17
COROMANDEL,INE169A01031,2022-05-18,NSE,EQ,EQ,buy,false,6.000000,933.550000,1323338,1000000005287046,2022-05-18T10:18:10
COROMANDEL,INE169A01031,2022-05-18,NSE,EQ,EQ,buy,false,1.000000,933.550000,1323337,1000000005287046,2022-05-18T10:18:10
COROMANDEL,INE169A01031,2022-05-18,NSE,EQ,EQ,buy,false,2.000000,933.550000,1323336,1000000005287046,2022-05-18T10:18:10
COROMANDEL,INE169A01031,2022-05-18,NSE,EQ,EQ,buy,false,1.000000,933.700000,1324361,1000000005287046,2022-05-18T10:18:13
COROMANDEL,INE169A01031,2022-05-18,NSE,EQ,EQ,buy,false,4.000000,934.000000,1326429,1000000005287046,2022-05-18T10:18:22
COROMANDEL,INE169A01031,2022-05-18,NSE,EQ,EQ,buy,false,100.000000,934.000000,1326300,1000000005287046,2022-05-18T10:18:22
COROMANDEL,INE169A01031,2022-05-18,NSE,EQ,EQ,buy,false,60.000000,934.500000,1331888,1000000005287046,2022-05-18T10:18:49
COROMANDEL,INE169A01031,2022-05-18,NSE,EQ,EQ,buy,false,5.000000,934.500000,1332447,1000000005287046,2022-05-18T10:18:52
COROMANDEL,INE169A01031,2022-05-18,NSE,EQ,EQ,buy,false,69.000000,934.500000,1334701,1000000005287046,2022-05-18T10:19:04
PIIND,INE603J01030,2022-05-19,NSE,EQ,EQ,sell,false,57.000000,2609.000000,50722078,1200000002782793,2022-05-19T09:35:26
PIIND,INE603J01030,2022-05-19,NSE,EQ,EQ,sell,false,23.000000,2609.000000,50722080,1200000002782793,2022-05-19T09:35:26
PIIND,INE603J01030,2022-05-19,NSE,EQ,EQ,sell,false,8.000000,2611.150000,50845967,1200000003385882,2022-05-19T09:41:29
PIIND,INE603J01030,2022-05-19,NSE,EQ,EQ,sell,false,35.000000,2611.150000,50845968,1200000003385882,2022-05-19T09:41:29
PIIND,INE603J01030,2022-05-19,NSE,EQ,EQ,sell,false,6.000000,2611.150000,50845969,1200000003385882,2022-05-19T09:41:29
PIIND,INE603J01030,2022-05-19,NSE,EQ,EQ,sell,false,1.000000,2611.100000,50845970,1200000003385882,2022-05-19T09:41:29
PIIND,INE603J01030,2022-05-19,NSE,EQ,EQ,buy,false,48.000000,2635.500000,51018767,1200000003120373,2022-05-19T09:50:42
PIIND,INE603J01030,2022-05-19,NSE,EQ,EQ,buy,false,11.000000,2635.500000,51018769,1200000003120373,2022-05-19T09:50:42
PIIND,INE603J01030,2022-05-19,NSE,EQ,EQ,buy,false,48.000000,2635.500000,51019256,1200000003120373,2022-05-19T09:50:44
PIIND,INE603J01030,2022-05-19,NSE,EQ,EQ,buy,false,53.000000,2635.500000,51024533,1200000003120373,2022-05-19T09:51:01
PIIND,INE603J01030,2022-05-19,NSE,EQ,EQ,sell,false,7.000000,2634.350000,51028339,1200000004198023,2022-05-19T09:51:15
PIIND,INE603J01030,2022-05-19,NSE,EQ,EQ,sell,false,11.000000,2634.450000,51028338,1200000004198023,2022-05-19T09:51:15
PIIND,INE603J01030,2022-05-19,NSE,EQ,EQ,sell,false,1.000000,2635.000000,51028337,1200000004198023,2022-05-19T09:51:15
PIIND,INE603J01030,2022-05-19,NSE,EQ,EQ,sell,false,9.000000,2635.100000,51028336,1200000004198023,2022-05-19T09:51:15
PIIND,INE603J01030,2022-05-19,NSE,EQ,EQ,sell,false,2.000000,2635.100000,51028335,1200000004198023,2022-05-19T09:51:15
MINDTREE,INE018I01017,2022-05-24,NSE,EQ,EQ,buy,false,66.000000,2878.900000,51786284,1200000009351786,2022-05-24T11:25:24
MINDTREE,INE018I01017,2022-05-24,NSE,EQ,EQ,sell,false,66.000000,2896.000000,52166643,1200000009475667,2022-05-24T12:11:20
COROMANDEL,INE169A01031,2022-05-25,NSE,EQ,EQ,sell,false,25.000000,979.000000,3674,1000000000007121,2022-05-25T09:07:35
COROMANDEL,INE169A01031,2022-05-25,NSE,EQ,EQ,sell,false,20.000000,979.000000,3675,1000000000007121,2022-05-25T09:07:35
COROMANDEL,INE169A01031,2022-05-25,NSE,EQ,EQ,sell,false,11.000000,979.000000,3676,1000000000007121,2022-05-25T09:07:35
COROMANDEL,INE169A01031,2022-05-25,NSE,EQ,EQ,sell,false,50.000000,979.000000,3677,1000000000007121,2022-05-25T09:07:35
COROMANDEL,INE169A01031,2022-05-25,NSE,EQ,EQ,sell,false,20.000000,979.000000,3678,1000000000007121,2022-05-25T09:07:35
COROMANDEL,INE169A01031,2022-05-25,NSE,EQ,EQ,sell,false,143.000000,979.000000,3679,1000000000007121,2022-05-25T09:07:35
COROMANDEL,INE169A01031,2022-05-25,NSE,EQ,EQ,sell,false,25.000000,979.000000,3673,1000000000007121,2022-05-25T09:07:35
COROMANDEL,INE169A01031,2022-05-25,NSE,EQ,EQ,sell,false,36.000000,979.000000,3672,1000000000007121,2022-05-25T09:07:35
COROMANDEL,INE169A01031,2022-05-25,NSE,EQ,EQ,buy,false,2.000000,963.150000,528984,1000000002506363,2022-05-25T09:36:40
COROMANDEL,INE169A01031,2022-05-25,NSE,EQ,EQ,buy,false,38.000000,963.200000,528985,1000000002506363,2022-05-25T09:36:40
COROMANDEL,INE169A01031,2022-05-25,NSE,EQ,EQ,buy,false,106.000000,963.200000,530043,1000000002506363,2022-05-25T09:36:44
COROMANDEL,INE169A01031,2022-05-25,NSE,EQ,EQ,buy,false,23.000000,963.200000,530211,1000000002506363,2022-05-25T09:36:45
COROMANDEL,INE169A01031,2022-05-25,NSE,EQ,EQ,buy,false,68.000000,963.200000,530547,1000000002506363,2022-05-25T09:36:46
COROMANDEL,INE169A01031,2022-05-25,NSE,EQ,EQ,buy,false,93.000000,963.200000,530548,1000000002506363,2022-05-25T09:36:46
SHREECEM,INE070A01015,2022-05-27,NSE,EQ,EQ,sell,false,10.000000,21700.000000,75003398,1300000000018648,2022-05-27T09:07:52
SHREECEM,INE070A01015,2022-05-27,NSE,EQ,EQ,sell,false,1.000000,21700.000000,75003399,1300000000018648,2022-05-27T09:07:52
SHREECEM,INE070A01015,2022-05-27,NSE,EQ,EQ,sell,false,4.000000,21700.000000,75003396,1300000000018648,2022-05-27T09:07:52
SHREECEM,INE070A01015,2022-05-27,NSE,EQ,EQ,sell,false,3.000000,21700.000000,75003397,1300000000018648,2022-05-27T09:07:52
SHREECEM,INE070A01015,2022-05-27,NSE,EQ,EQ,sell,false,1.000000,21700.000000,75003400,1300000000018648,2022-05-27T09:07:52
SHREECEM,INE070A01015,2022-05-27,NSE,EQ,EQ,sell,false,1.000000,21700.000000,75003395,1300000000018648,2022-05-27T09:07:52
TORNTPHARM,INE685A01028,2022-05-27,NSE,EQ,EQ,sell,false,42.000000,2915.000000,75007090,1300000000018650,2022-05-27T09:07:52
TORNTPHARM,INE685A01028,2022-05-27,NSE,EQ,EQ,sell,false,38.000000,2915.000000,75007091,1300000000018650,2022-05-27T09:07:52
SHREECEM,INE070A01015,2022-05-27,NSE,EQ,EQ,buy,false,1.000000,21944.350000,79146420,1300000020074012,2022-05-27T15:20:51
SHREECEM,INE070A01015,2022-05-27,NSE,EQ,EQ,buy,false,3.000000,21944.400000,79146424,1300000020074012,2022-05-27T15:20:51
SHREECEM,INE070A01015,2022-05-27,NSE,EQ,EQ,buy,false,12.000000,21944.350000,79146421,1300000020074012,2022-05-27T15:20:51
SHREECEM,INE070A01015,2022-05-27,NSE,EQ,EQ,buy,false,1.000000,21944.350000,79146422,1300000020074012,2022-05-27T15:20:51
SHREECEM,INE070A01015,2022-05-27,NSE,EQ,EQ,buy,false,3.000000,21944.350000,79146423,1300000020074012,2022-05-27T15:20:51
TORNTPHARM,INE685A01028,2022-05-27,NSE,EQ,EQ,buy,false,59.000000,2947.250000,79147212,1300000020075122,2022-05-27T15:20:52
TORNTPHARM,INE685A01028,2022-05-27,NSE,EQ,EQ,buy,false,21.000000,2947.250000,79147211,1300000020075122,2022-05-27T15:20:52
INDIAMART,INE933S01016,2022-05-30,NSE,EQ,EQ,sell,false,33.000000,4568.400000,25016710,1100000000034378,2022-05-30T09:07:29
INDIAMART,INE933S01016,2022-05-30,NSE,EQ,EQ,sell,false,7.000000,4568.400000,25016711,1100000000034378,2022-05-30T09:07:29
PAGEIND,INE761H01022,2022-05-30,NSE,EQ,EQ,sell,false,2.000000,44636.050000,50018331,1200000000027088,2022-05-30T09:07:29
PAGEIND,INE761H01022,2022-05-30,NSE,EQ,EQ,sell,false,2.000000,44636.050000,50018332,1200000000027088,2022-05-30T09:07:29
GRANULES,INE101D01020,2022-05-30,NSE,EQ,EQ,sell,false,4.000000,267.300000,25029049,1100000000034696,2022-05-30T09:15:00
GRANULES,INE101D01020,2022-05-30,NSE,EQ,EQ,sell,false,2.000000,267.300000,25029260,1100000000034696,2022-05-30T09:15:00
GRANULES,INE101D01020,2022-05-30,NSE,EQ,EQ,sell,false,1.000000,267.300000,25029439,1100000000034696,2022-05-30T09:15:00
GRANULES,INE101D01020,2022-05-30,NSE,EQ,EQ,sell,false,5.000000,267.300000,25029462,1100000000034696,2022-05-30T09:15:00
GRANULES,INE101D01020,2022-05-30,NSE,EQ,EQ,sell,false,8.000000,267.300000,25030072,1100000000034696,2022-05-30T09:15:00
GRANULES,INE101D01020,2022-05-30,NSE,EQ,EQ,sell,false,2.000000,267.300000,25027010,1100000000034696,2022-05-30T09:15:00
GRANULES,INE101D01020,2022-05-30,NSE,EQ,EQ,sell,false,1.000000,267.300000,25027553,1100000000034696,2022-05-30T09:15:00
GRANULES,INE101D01020,2022-05-30,NSE,EQ,EQ,sell,false,8.000000,267.300000,25027583,1100000000034696,2022-05-30T09:15:00
GRANULES,INE101D01020,2022-05-30,NSE,EQ,EQ,sell,false,1.000000,267.300000,25028033,1100000000034696,2022-05-30T09:15:00
GRANULES,INE101D01020,2022-05-30,NSE,EQ,EQ,sell,false,3.000000,267.300000,25028103,1100000000034696,2022-05-30T09:15:00
GRANULES,INE101D01020,2022-05-30,NSE,EQ,EQ,sell,false,1145.000000,267.300000,25030446,1100000000034696,2022-05-30T09:15:01
GRANULES,INE101D01020,2022-05-30,NSE,EQ,EQ,buy,false,24.000000,271.200000,25286919,1100000001037900,2022-05-30T09:21:08
GRANULES,INE101D01020,2022-05-30,NSE,EQ,EQ,buy,false,46.000000,271.050000,25286911,1100000001037900,2022-05-30T09:21:08
GRANULES,INE101D01020,2022-05-30,NSE,EQ,EQ,buy,false,81.000000,271.050000,25286912,1100000001037900,2022-05-30T09:21:08
GRANULES,INE101D01020,2022-05-30,NSE,EQ,EQ,buy,false,108.000000,271.100000,25286913,1100000001037900,2022-05-30T09:21:08
GRANULES,INE101D01020,2022-05-30,NSE,EQ,EQ,buy,false,669.000000,271.150000,25286914,1100000001037900,2022-05-30T09:21:08
GRANULES,INE101D01020,2022-05-30,NSE,EQ,EQ,buy,false,46.000000,271.150000,25286915,1100000001037900,2022-05-30T09:21:08
GRANULES,INE101D01020,2022-05-30,NSE,EQ,EQ,buy,false,90.000000,271.150000,25286916,1100000001037900,2022-05-30T09:21:08
GRANULES,INE101D01020,2022-05-30,NSE,EQ,EQ,buy,false,100.000000,271.200000,25286917,1100000001037900,2022-05-30T09:21:08
GRANULES,INE101D01020,2022-05-30,NSE,EQ,EQ,buy,false,16.000000,271.200000,25286918,1100000001037900,2022-05-30T09:21:08
INDIAMART,INE933S01016,2022-05-30,NSE,EQ,EQ,buy,false,40.000000,4624.450000,25519711,1100000000450937,2022-05-30T09:30:53
PAGEIND,INE761H01022,2022-05-30,NSE,EQ,EQ,buy,false,1.000000,45170.000000,54573963,1200000020251721,2022-05-30T15:20:54
PAGEIND,INE761H01022,2022-05-30,NSE,EQ,EQ,buy,false,2.000000,45170.000000,54573962,1200000020251721,2022-05-30T15:20:54
PAGEIND,INE761H01022,2022-05-30,NSE,EQ,EQ,buy,false,1.000000,45169.950000,54573961,1200000020251721,2022-05-30T15:20:54
CROMPTON,INE299U01018,2022-05-31,NSE,EQ,EQ,sell,false,454.000000,353.400000,10102,1000000000092855,2022-05-31T09:07:05
INTELLECT,INE306R01017,2022-05-31,NSE,EQ,EQ,sell,false,20.000000,676.000000,25008776,1100000000122474,2022-05-31T09:07:05
INTELLECT,INE306R01017,2022-05-31,NSE,EQ,EQ,sell,false,25.000000,676.000000,25008779,1100000000122474,2022-05-31T09:07:05
INTELLECT,INE306R01017,2022-05-31,NSE,EQ,EQ,sell,false,1.000000,676.000000,25008772,1100000000122474,2022-05-31T09:07:05
INTELLECT,INE306R01017,2022-05-31,NSE,EQ,EQ,sell,false,40.000000,676.000000,25008775,1100000000122474,2022-05-31T09:07:05
INTELLECT,INE306R01017,2022-05-31,NSE,EQ,EQ,sell,false,184.000000,676.000000,25008771,1100000000122474,2022-05-31T09:07:05
INTELLECT,INE306R01017,2022-05-31,NSE,EQ,EQ,sell,false,150.000000,676.000000,25008777,1100000000122474,2022-05-31T09:07:05
INTELLECT,INE306R01017,2022-05-31,NSE,EQ,EQ,sell,false,100.000000,676.000000,25008774,1100000000122474,2022-05-31T09:07:05
INTELLECT,INE306R01017,2022-05-31,NSE,EQ,EQ,sell,false,5.000000,676.000000,25008778,1100000000122474,2022-05-31T09:07:05
INTELLECT,INE306R01017,2022-05-31,NSE,EQ,EQ,sell,false,25.000000,676.000000,25008773,1100000000122474,2022-05-31T09:07:05
INTELLECT,INE306R01017,2022-05-31,NSE,EQ,EQ,buy,false,3.000000,672.750000,25262331,1100000001064064,2022-05-31T09:21:07
INTELLECT,INE306R01017,2022-05-31,NSE,EQ,EQ,buy,false,27.000000,672.950000,25262336,1100000001064064,2022-05-31T09:21:07
INTELLECT,INE306R01017,2022-05-31,NSE,EQ,EQ,buy,false,100.000000,673.000000,25262337,1100000001064064,2022-05-31T09:21:07
INTELLECT,INE306R01017,2022-05-31,NSE,EQ,EQ,buy,false,10.000000,673.000000,25262338,1100000001064064,2022-05-31T09:21:07
INTELLECT,INE306R01017,2022-05-31,NSE,EQ,EQ,buy,false,87.000000,672.600000,25262320,1100000001064064,2022-05-31T09:21:07
INTELLECT,INE306R01017,2022-05-31,NSE,EQ,EQ,buy,false,1.000000,673.000000,25262339,1100000001064064,2022-05-31T09:21:07
INTELLECT,INE306R01017,2022-05-31,NSE,EQ,EQ,buy,false,106.000000,673.000000,25262340,1100000001064064,2022-05-31T09:21:07
INTELLECT,INE306R01017,2022-05-31,NSE,EQ,EQ,buy,false,51.000000,672.750000,25262332,1100000001064064,2022-05-31T09:21:07
INTELLECT,INE306R01017,2022-05-31,NSE,EQ,EQ,buy,false,10.000000,672.750000,25262329,1100000001064064,2022-05-31T09:21:07
INTELLECT,INE306R01017,2022-05-31,NSE,EQ,EQ,buy,false,10.000000,672.750000,25262327,1100000001064064,2022-05-31T09:21:07
INTELLECT,INE306R01017,2022-05-31,NSE,EQ,EQ,buy,false,9.000000,672.750000,25262326,1100000001064064,2022-05-31T09:21:07
INTELLECT,INE306R01017,2022-05-31,NSE,EQ,EQ,buy,false,1.000000,672.700000,25262321,1100000001064064,2022-05-31T09:21:07
INTELLECT,INE306R01017,2022-05-31,NSE,EQ,EQ,buy,false,9.000000,672.750000,25262328,1100000001064064,2022-05-31T09:21:07
INTELLECT,INE306R01017,2022-05-31,NSE,EQ,EQ,buy,false,6.000000,672.450000,25262317,1100000001064064,2022-05-31T09:21:07
INTELLECT,INE306R01017,2022-05-31,NSE,EQ,EQ,buy,false,10.000000,672.750000,25262325,1100000001064064,2022-05-31T09:21:07
INTELLECT,INE306R01017,2022-05-31,NSE,EQ,EQ,buy,false,9.000000,672.750000,25262330,1100000001064064,2022-05-31T09:21:07
INTELLECT,INE306R01017,2022-05-31,NSE,EQ,EQ,buy,false,5.000000,672.800000,25262333,1100000001064064,2022-05-31T09:21:07
INTELLECT,INE306R01017,2022-05-31,NSE,EQ,EQ,buy,false,1.000000,672.500000,25262318,1100000001064064,2022-05-31T09:21:07
INTELLECT,INE306R01017,2022-05-31,NSE,EQ,EQ,buy,false,9.000000,672.750000,25262324,1100000001064064,2022-05-31T09:21:07
INTELLECT,INE306R01017,2022-05-31,NSE,EQ,EQ,buy,false,6.000000,672.500000,25262319,1100000001064064,2022-05-31T09:21:07
INTELLECT,INE306R01017,2022-05-31,NSE,EQ,EQ,buy,false,21.000000,672.800000,25262334,1100000001064064,2022-05-31T09:21:07
INTELLECT,INE306R01017,2022-05-31,NSE,EQ,EQ,buy,false,10.000000,672.750000,25262323,1100000001064064,2022-05-31T09:21:07
INTELLECT,INE306R01017,2022-05-31,NSE,EQ,EQ,buy,false,30.000000,672.700000,25262322,1100000001064064,2022-05-31T09:21:07
INTELLECT,INE306R01017,2022-05-31,NSE,EQ,EQ,buy,false,19.000000,672.900000,25262335,1100000001064064,2022-05-31T09:21:07
INTELLECT,INE306R01017,2022-05-31,NSE,EQ,EQ,sell,false,500.000000,669.000000,25309529,1100000001131614,2022-05-31T09:22:44
INTELLECT,INE306R01017,2022-05-31,NSE,EQ,EQ,sell,false,27.000000,673.900000,25473892,1100000002006847,2022-05-31T09:29:53
INTELLECT,INE306R01017,2022-05-31,NSE,EQ,EQ,sell,false,20.000000,673.900000,25474117,1100000002006847,2022-05-31T09:29:53
INTELLECT,INE306R01017,2022-05-31,NSE,EQ,EQ,sell,false,53.000000,673.900000,25474421,1100000002006847,2022-05-31T09:29:55
INTELLECT,INE306R01017,2022-05-31,NSE,EQ,EQ,sell,false,50.000000,672.000000,25494468,1100000002088072,2022-05-31T09:30:46
CROMPTON,INE299U01018,2022-05-31,NSE,EQ,EQ,buy,false,200.000000,355.250000,447810,1000000000762329,2022-05-31T09:32:42
CROMPTON,INE299U01018,2022-05-31,NSE,EQ,EQ,buy,false,254.000000,355.250000,447811,1000000000762329,2022-05-31T09:32:42
INTELLECT,INE306R01017,2022-05-31,NSE,EQ,EQ,buy,false,650.000000,676.600000,25779087,1100000001332531,2022-05-31T09:45:33
BALKRISIND,INE787D01026,2022-06-01,NSE,EQ,EQ,sell,false,16.000000,2340.000000,1840,1000000000017674,2022-06-01T09:07:15
BALKRISIND,INE787D01026,2022-06-01,NSE,EQ,EQ,sell,false,12.000000,2340.000000,1839,1000000000017674,2022-06-01T09:07:15
BALKRISIND,INE787D01026,2022-06-01,NSE,EQ,EQ,sell,false,11.000000,2340.000000,1838,1000000000017674,2022-06-01T09:07:15
BALKRISIND,INE787D01026,2022-06-01,NSE,EQ,EQ,sell,false,10.000000,2340.000000,1837,1000000000017674,2022-06-01T09:07:15
BALKRISIND,INE787D01026,2022-06-01,NSE,EQ,EQ,sell,false,20.000000,2340.000000,1836,1000000000017674,2022-06-01T09:07:15
BALKRISIND,INE787D01026,2022-06-01,NSE,EQ,EQ,sell,false,71.000000,2340.000000,1835,1000000000017674,2022-06-01T09:07:15
BALKRISIND,INE787D01026,2022-06-01,NSE,EQ,EQ,sell,false,3.000000,2338.000000,207544,1000000000694414,2022-06-01T09:18:27
BALKRISIND,INE787D01026,2022-06-01,NSE,EQ,EQ,sell,false,10.000000,2338.000000,208380,1000000000694414,2022-06-01T09:18:28
BALKRISIND,INE787D01026,2022-06-01,NSE,EQ,EQ,sell,false,2.000000,2338.000000,210862,1000000000694414,2022-06-01T09:18:32
BALKRISIND,INE787D01026,2022-06-01,NSE,EQ,EQ,sell,false,2.000000,2338.000000,212787,1000000000694414,2022-06-01T09:18:33
BALKRISIND,INE787D01026,2022-06-01,NSE,EQ,EQ,sell,false,1.000000,2338.000000,212734,1000000000694414,2022-06-01T09:18:33
BALKRISIND,INE787D01026,2022-06-01,NSE,EQ,EQ,sell,false,4.000000,2338.000000,212905,1000000000694414,2022-06-01T09:18:34
BALKRISIND,INE787D01026,2022-06-01,NSE,EQ,EQ,sell,false,5.000000,2338.000000,213617,1000000000694414,2022-06-01T09:18:35
BALKRISIND,INE787D01026,2022-06-01,NSE,EQ,EQ,sell,false,4.000000,2338.000000,215192,1000000000694414,2022-06-01T09:18:37
BALKRISIND,INE787D01026,2022-06-01,NSE,EQ,EQ,sell,false,1.000000,2338.000000,215628,1000000000694414,2022-06-01T09:18:38
BALKRISIND,INE787D01026,2022-06-01,NSE,EQ,EQ,sell,false,1.000000,2338.000000,216225,1000000000694414,2022-06-01T09:18:39
BALKRISIND,INE787D01026,2022-06-01,NSE,EQ,EQ,sell,false,1.000000,2338.000000,216986,1000000000694414,2022-06-01T09:18:40
BALKRISIND,INE787D01026,2022-06-01,NSE,EQ,EQ,sell,false,2.000000,2338.000000,217454,1000000000694414,2022-06-01T09:18:41
BALKRISIND,INE787D01026,2022-06-01,NSE,EQ,EQ,sell,false,1.000000,2338.000000,218633,1000000000694414,2022-06-01T09:18:43
BALKRISIND,INE787D01026,2022-06-01,NSE,EQ,EQ,sell,false,5.000000,2338.000000,221469,1000000000694414,2022-06-01T09:18:48
BALKRISIND,INE787D01026,2022-06-01,NSE,EQ,EQ,sell,false,16.000000,2338.000000,223363,1000000000694414,2022-06-01T09:18:51
BALKRISIND,INE787D01026,2022-06-01,NSE,EQ,EQ,sell,false,2.000000,2338.000000,223655,1000000000694414,2022-06-01T09:18:52
BALKRISIND,INE787D01026,2022-06-01,NSE,EQ,EQ,sell,false,1.000000,2338.000000,225687,1000000000694414,2022-06-01T09:18:55
BALKRISIND,INE787D01026,2022-06-01,NSE,EQ,EQ,sell,false,38.000000,2338.000000,226829,1000000000694414,2022-06-01T09:18:57
BALKRISIND,INE787D01026,2022-06-01,NSE,EQ,EQ,sell,false,1.000000,2338.000000,226586,1000000000694414,2022-06-01T09:18:57
MRF,INE883A01011,2022-06-01,NSE,EQ,EQ,buy,false,1.000000,77050.000000,50823918,1200000003847566,2022-06-01T09:51:10
MRF,INE883A01011,2022-06-01,NSE,EQ,EQ,sell,false,1.000000,76800.000000,50921630,1200000004386110,2022-06-01T09:57:34
BALKRISIND,INE787D01026,2022-06-01,NSE,EQ,EQ,buy,false,240.000000,2353.600000,2364987,1000000005747976,2022-06-01T12:17:19
ASTRAL,INE006I01046,2022-06-01,NSE,EQ,EQ,sell,false,5.000000,1814.100000,2761134,1000000013148233,2022-06-01T13:10:43
ASTRAL,INE006I01046,2022-06-01,NSE,EQ,EQ,sell,false,95.000000,1814.100000,2761372,1000000013148233,2022-06-01T13:10:46
ASTRAL,INE006I01046,2022-06-01,NSE,EQ,EQ,sell,false,25.000000,1813.900000,2768203,1000000013167443,2022-06-01T13:11:28
MFSL,INE180A01020,2022-06-01,NSE,EQ,EQ,sell,false,77.000000,820.000000,52771335,1200000013553149,2022-06-01T13:13:19
MFSL,INE180A01020,2022-06-01,NSE,EQ,EQ,sell,false,78.000000,820.000000,52772006,1200000013553149,2022-06-01T13:13:23
MFSL,INE180A01020,2022-06-01,NSE,EQ,EQ,sell,false,95.000000,820.000000,52772383,1200000013553149,2022-06-01T13:13:25
MFSL,INE180A01020,2022-06-01,NSE,EQ,EQ,buy,false,250.000000,811.450000,52958788,1200000014430801,2022-06-01T13:33:41
ASTRAL,INE006I01046,2022-06-01,NSE,EQ,EQ,buy,false,22.000000,1799.950000,3193128,1000000013337614,2022-06-01T13:59:10
ASTRAL,INE006I01046,2022-06-01,NSE,EQ,EQ,buy,false,3.000000,1799.900000,3193127,1000000013337614,2022-06-01T13:59:10
ASTRAL,INE006I01046,2022-06-01,NSE,EQ,EQ,buy,false,100.000000,1799.800000,3193126,1000000013337614,2022-06-01T13:59:10
ABBOTINDIA,INE358A01014,2022-06-03,NSE,EQ,EQ,sell,false,1.000000,18450.000000,13336,1000000000035387,2022-06-03T09:07:34
ABBOTINDIA,INE358A01014,2022-06-03,NSE,EQ,EQ,sell,false,1.000000,18450.000000,13335,1000000000035387,2022-06-03T09:07:34
ABBOTINDIA,INE358A01014,2022-06-03,NSE,EQ,EQ,sell,false,2.000000,18450.000000,13334,1000000000035387,2022-06-03T09:07:34
ABBOTINDIA,INE358A01014,2022-06-03,NSE,EQ,EQ,sell,false,1.000000,18450.000000,13330,1000000000035387,2022-06-03T09:07:34
ABBOTINDIA,INE358A01014,2022-06-03,NSE,EQ,EQ,sell,false,1.000000,18450.000000,13331,1000000000035387,2022-06-03T09:07:34
ABBOTINDIA,INE358A01014,2022-06-03,NSE,EQ,EQ,sell,false,1.000000,18450.000000,13333,1000000000035387,2022-06-03T09:07:34
ABBOTINDIA,INE358A01014,2022-06-03,NSE,EQ,EQ,sell,false,3.000000,18450.000000,13332,1000000000035387,2022-06-03T09:07:34
ABBOTINDIA,INE358A01014,2022-06-03,NSE,EQ,EQ,sell,false,10.000000,18548.000000,99433,1000000000305778,2022-06-03T09:16:26
ABBOTINDIA,INE358A01014,2022-06-03,NSE,EQ,EQ,buy,false,12.000000,18400.000000,566552,1000000000461825,2022-06-03T09:35:50
ABBOTINDIA,INE358A01014,2022-06-03,NSE,EQ,EQ,buy,false,8.000000,18400.000000,566551,1000000000461825,2022-06-03T09:35:50
METROPOLIS,INE112L01020,2022-06-06,NSE,EQ,EQ,sell,false,1.000000,1654.450000,50007513,1200000000029904,2022-06-06T09:07:30
METROPOLIS,INE112L01020,2022-06-06,NSE,EQ,EQ,sell,false,12.000000,1654.450000,50007514,1200000000029904,2022-06-06T09:07:30
METROPOLIS,INE112L01020,2022-06-06,NSE,EQ,EQ,sell,false,72.000000,1654.450000,50007512,1200000000029904,2022-06-06T09:07:30
METROPOLIS,INE112L01020,2022-06-06,NSE,EQ,EQ,buy,false,15.000000,1686.000000,50167115,1200000000747949,2022-06-06T09:18:52
METROPOLIS,INE112L01020,2022-06-06,NSE,EQ,EQ,buy,false,15.000000,1686.000000,50167029,1200000000747949,2022-06-06T09:18:52
METROPOLIS,INE112L01020,2022-06-06,NSE,EQ,EQ,buy,false,5.000000,1686.000000,50167028,1200000000747949,2022-06-06T09:18:52
METROPOLIS,INE112L01020,2022-06-06,NSE,EQ,EQ,buy,false,50.000000,1686.000000,50167027,1200000000747949,2022-06-06T09:18:52
ONGC,INE213A01029,2022-06-08,NSE,EQ,EQ,sell,false,1000.000000,163.500000,50002711,1200000000019867,2022-06-08T09:07:19
ONGC,INE213A01029,2022-06-08,NSE,EQ,EQ,buy,false,429.000000,164.700000,53060898,1200000003680376,2022-06-08T13:29:14
ONGC,INE213A01029,2022-06-08,NSE,EQ,EQ,buy,false,500.000000,164.700000,53060899,1200000003680376,2022-06-08T13:29:14
ONGC,INE213A01029,2022-06-08,NSE,EQ,EQ,buy,false,1.000000,164.700000,53060901,1200000003680376,2022-06-08T13:29:14
ONGC,INE213A01029,2022-06-08,NSE,EQ,EQ,buy,false,47.000000,164.700000,53060903,1200000003680376,2022-06-08T13:29:14
ONGC,INE213A01029,2022-06-08,NSE,EQ,EQ,buy,false,22.000000,164.700000,53060902,1200000003680376,2022-06-08T13:29:14
ONGC,INE213A01029,2022-06-08,NSE,EQ,EQ,buy,false,1.000000,164.700000,53060900,1200000003680376,2022-06-08T13:29:14
DALBHARAT,INE00R701025,2022-06-09,NSE,EQ,EQ,sell,false,10.000000,1272.000000,25380104,1100000001794299,2022-06-09T09:29:59
DALBHARAT,INE00R701025,2022-06-09,NSE,EQ,EQ,sell,false,67.000000,1272.000000,25381191,1100000001794299,2022-06-09T09:30:02
DALBHARAT,INE00R701025,2022-06-09,NSE,EQ,EQ,sell,false,159.000000,1272.000000,25383118,1100000001794299,2022-06-09T09:30:08
DALBHARAT,INE00R701025,2022-06-09,NSE,EQ,EQ,sell,false,1.000000,1272.000000,25383196,1100000001794299,2022-06-09T09:30:09
DALBHARAT,INE00R701025,2022-06-09,NSE,EQ,EQ,sell,false,96.000000,1272.000000,25383678,1100000001794299,2022-06-09T09:30:11
DALBHARAT,INE00R701025,2022-06-09,NSE,EQ,EQ,buy,false,2.000000,1279.000000,25579851,1100000001874899,2022-06-09T09:43:22
DALBHARAT,INE00R701025,2022-06-09,NSE,EQ,EQ,buy,false,6.000000,1279.000000,25579869,1100000001874899,2022-06-09T09:43:22
DALBHARAT,INE00R701025,2022-06-09,NSE,EQ,EQ,buy,false,250.000000,1279.000000,25579868,1100000001874899,2022-06-09T09:43:22
DALBHARAT,INE00R701025,2022-06-09,NSE,EQ,EQ,buy,false,2.000000,1279.000000,25579852,1100000001874899,2022-06-09T09:43:22
DALBHARAT,INE00R701025,2022-06-09,NSE,EQ,EQ,buy,false,25.000000,1279.000000,25579850,1100000001874899,2022-06-09T09:43:22
DALBHARAT,INE00R701025,2022-06-09,NSE,EQ,EQ,buy,false,38.000000,1279.000000,25579849,1100000001874899,2022-06-09T09:43:22
DALBHARAT,INE00R701025,2022-06-09,NSE,EQ,EQ,buy,false,1.000000,1279.000000,25579848,1100000001874899,2022-06-09T09:43:22
DALBHARAT,INE00R701025,2022-06-09,NSE,EQ,EQ,buy,false,1.000000,1279.000000,25579847,1100000001874899,2022-06-09T09:43:22
DALBHARAT,INE00R701025,2022-06-09,NSE,EQ,EQ,buy,false,8.000000,1278.900000,25579846,1100000001874899,2022-06-09T09:43:22
BAJAJ-AUTO,INE917I01010,2022-06-24,NSE,EQ,EQ,sell,false,125.000000,3800.800000,6792,1000000000009774,2022-06-24T09:07:05
BAJAJ-AUTO,INE917I01010,2022-06-24,NSE,EQ,EQ,buy,false,10.000000,3830.000000,390030,1000000000611853,2022-06-24T09:35:14
BAJAJ-AUTO,INE917I01010,2022-06-24,NSE,EQ,EQ,buy,false,83.000000,3830.000000,390031,1000000000611853,2022-06-24T09:35:14
BAJAJ-AUTO,INE917I01010,2022-06-24,NSE,EQ,EQ,buy,false,1.000000,3830.000000,390029,1000000000611853,2022-06-24T09:35:14
BAJAJ-AUTO,INE917I01010,2022-06-24,NSE,EQ,EQ,buy,false,1.000000,3830.000000,390027,1000000000611853,2022-06-24T09:35:14
BAJAJ-AUTO,INE917I01010,2022-06-24,NSE,EQ,EQ,buy,false,20.000000,3830.000000,390026,1000000000611853,2022-06-24T09:35:14
BAJAJ-AUTO,INE917I01010,2022-06-24,NSE,EQ,EQ,buy,false,9.000000,3830.000000,390025,1000000000611853,2022-06-24T09:35:14
BAJAJ-AUTO,INE917I01010,2022-06-24,NSE,EQ,EQ,buy,false,1.000000,3830.000000,390028,1000000000611853,2022-06-24T09:35:14
ABBOTINDIA,INE358A01014,2022-06-30,NSE,EQ,EQ,sell,false,1.000000,18924.000000,204537,1000000000838304,2022-06-30T09:22:01
ABBOTINDIA,INE358A01014,2022-06-30,NSE,EQ,EQ,sell,false,2.000000,18924.000000,205477,1000000000838304,2022-06-30T09:22:05
ABBOTINDIA,INE358A01014,2022-06-30,NSE,EQ,EQ,sell,false,11.000000,18923.900000,228356,1000000000838304,2022-06-30T09:23:18
ABBOTINDIA,INE358A01014,2022-06-30,NSE,EQ,EQ,sell,false,9.000000,18923.900000,228355,1000000000838304,2022-06-30T09:23:18
ABBOTINDIA,INE358A01014,2022-06-30,NSE,EQ,EQ,buy,false,11.000000,18805.000000,1111673,1000000002280085,2022-06-30T10:43:50
ABBOTINDIA,INE358A01014,2022-06-30,NSE,EQ,EQ,buy,false,12.000000,18800.000000,1111672,1000000002280085,2022-06-30T10:43:50
MCX,INE745G01035,2022-07-01,NSE,EQ,EQ,sell,false,75.000000,1314.000000,50324005,1200000001761197,2022-07-01T09:29:14
MCX,INE745G01035,2022-07-01,NSE,EQ,EQ,sell,false,6.000000,1314.000000,50324004,1200000001761197,2022-07-01T09:29:14
MCX,INE745G01035,2022-07-01,NSE,EQ,EQ,sell,false,8.000000,1314.050000,50324003,1200000001761197,2022-07-01T09:29:14
MCX,INE745G01035,2022-07-01,NSE,EQ,EQ,sell,false,10.000000,1314.100000,50324002,1200000001761197,2022-07-01T09:29:14
MCX,INE745G01035,2022-07-01,NSE,EQ,EQ,sell,false,1.000000,1314.100000,50324001,1200000001761197,2022-07-01T09:29:14
MCX,INE745G01035,2022-07-01,NSE,EQ,EQ,buy,false,38.000000,1298.000000,50789379,1200000004404454,2022-07-01T10:05:34
MCX,INE745G01035,2022-07-01,NSE,EQ,EQ,buy,false,40.000000,1299.000000,50790642,1200000004404454,2022-07-01T10:05:40
MCX,INE745G01035,2022-07-01,NSE,EQ,EQ,buy,false,22.000000,1299.000000,50791109,1200000004404454,2022-07-01T10:05:42
BOSCHLTD,INE323A01026,2022-07-04,NSE,EQ,EQ,sell,false,30.000000,15686.300000,26417,1000000000020085,2022-07-04T09:15:18
BOSCHLTD,INE323A01026,2022-07-04,NSE,EQ,EQ,sell,false,10.000000,15686.300000,26418,1000000000020085,2022-07-04T09:15:18
BOSCHLTD,INE323A01026,2022-07-04,NSE,EQ,EQ,buy,false,3.000000,15705.000000,157273,1000000000791093,2022-07-04T09:21:14
BOSCHLTD,INE323A01026,2022-07-04,NSE,EQ,EQ,buy,false,37.000000,15715.000000,158544,1000000000791093,2022-07-04T09:21:20
MANAPPURAM,INE522D01027,2022-07-04,NSE,EQ,EQ,buy,false,1.000000,91.150000,51332544,1200000006336050,2022-07-04T10:49:33
MANAPPURAM,INE522D01027,2022-07-04,NSE,EQ,EQ,buy,false,624.000000,91.150000,51334319,1200000006336050,2022-07-04T10:49:44
